2352 3528
793 150 951 217 Pars
963 154 1148 217 tertia
1169 172 1191 214 ε
1718 174 1739 216 ι
1757 175 1838 235 45

177 277 299 321 uiros
312 272 438 336 apud
456 268 662 318 hebraeos
678 270 906 333 religione
925 269 973 315 &
990 267 1064 313 san
1074 269 1229 314 {litate
1245 269 1525 329 praecipuos:
1542 274 1624 331 qui
1650 267 1708 314 ab
1734 284 1847 314 exo·

171 351 314 385 r2ente
329 337 537 384 diluculo
554 333 699 398 uscjue
715 336 763 379 in
779 331 1027 397 uesperum
1057 329 1405 379 consueuerunt
1429 330 1524 376 dies
1550 346 1750 396 integros
1765 333 1851 377 im·

172 401 373 466 pendere
386 401 576 448 leaioni
592 400 858 446 diuinarum
882 396 964 445 scri
1003 410 1241 447 turarum37
1263 409 1376 456 quas
1401 398 1537 440 etiam
1567 396 1746 441 summo
1760 394 1852 440 stu-

172 467 250 513 dio
266 464 322 512 ad
336 464 599 530 spirituales,
611 463 661 510 δε
674 463 942 526 allegoricos
975 458 1364 512 ensus,traducere
1380 456 1756 506 conabantur.At
1768 473 1852 504 nos

174 529 427 578 Christiani
441 529 594 575 multo
608 529 772 574 refflus
790 542 842 573 ac
857 527 1012 572 uerius
1025 520 1493 573 credimusChrissum
1511 522 1733 573 Iesum,in
1752 538 1852 586 quo

171 597 283 642 sunt
297 608 457 640 omnes
472 590 672 638 thesauri
698 589 932 655 sapientiae
958 591 1005 637 &
1033 589 1232 637 scientiae
1245 585 1362 638 Dei,
1385 602 1590 651 primum
1614 589 1851 633 auctorem

170 654 305 706 fuisse
319 657 455 704 huius
470 656 720 703 reconditae
735 648 1373 719 expofitionis‚primumtjue
1390 654 1605 698 omnium
1630 650 1846 697 ostendis-

169 723 213 770 se
230 720 370 768 nobis
382 720 476 766 tam
491 736 575 784 per
589 718 810 784 seipsum,
829 735 970 783 quam
984 733 1068 782 per
1082 716 1328 782 discipulos
1352 714 1457 764 suos
1478 712 1848 780 unamquancjue

77 799 120 848 p
169 784 395 847 Mysticae
412 784 738 832 elucidationis
752 784 950 849 speciem
966 818 977 830 .

234 850 551 913 Allegoricam
568 851 942 913 explanationem
958 845 1147 895 edocuit
1164 877 1175 898 ,
1201 846 1303 895 <iim
1321 848 1363 896 lc·-
1407 862 1520 894 uens
1535 846 1589 894 ad
1604 841 1848 893 Iudaeosde
1873 894 1875 896 ¹

164 913 346 960 Ioanne
364 911 566 979 Baptista
578 914 701 960 dixit
713 912 874 960 Helias
891 912 1084 976 quidem
1111 926 1367 961 venturuse
1418 944 1431 965 ‚
1450 913 1499 959 ὅ(
1525 910 1727 958 restituet
1751 924 1849 955 om-

164 980 258 1024 nia:
281 977 405 1025 Dico
419 992 574 1025 autem
594 976 751 1030 vobis,
769 980 880 1042 quia
894 976 1054 1023 Helias
1081 977 1171 1022 iam
1185 981 1339 1030 venit,
1361 978 1410 1024 &
1433 993 1528 1033 non
1559 974 1854 1038 cognouen'xr

166 1058 274 1089 eum
291 1061 304 1088 z
322 1042 401 1090 sed
427 1042 636 1089 fecerunt
650 1044 698 1089 in
730 1042 837 1088 eum
868 1057 1164 1106 quaecunque
1201 1044 1477 1089 voluerunt:
1505 1037 1760 1104 significans
1786 1036 1853 1083 his

166 1106 316 1153 verbis
330 1139 343 1159 ,
359 1106 512 1154 Heliae
531 1111 673 1154 vitam
689 1110 736 1153 in
754 1110 897 1153 veteri
911 1105 1182 1153 testamento
1199 1106 1333 1154 fuisse
1348 1120 1516 1171 typum
1531 1136 1543 1157 ,
1567 1105 1614 1151 ὅ(
1639 1101 1849 1150 vmbram

165 1187 273 1218 vitae
289 1171 476 1220 Ioannis
488 1204 500 1225 ,
519 1172 606 1235 qui
621 1169 678 1218 ab
694 1171 886 1220 exordio
901 1173 1016 1217 noui
1033 1169 1284 1218 testamenti
1305 1175 1432 1218 venit
1444 1173 1490 1216 in
1505 1169 1664 1233 spiritu
1696 1168 1743 1215 ὃ(
1761 1170 1847 1212 vir-

164 1252 262 1297 tute
282 1236 431 1284 Heliae
455 1272 465 1283 .
505 1235 678 1283 Paulus
693 1233 887 1299 quociue
901 1237 946 1282 in
961 1234 1152 1298 epistola
1165 1236 1220 1283 ad
1238 1236 1415 1284 Galatas
1427 1237 1665 1300 explicans
1678 1233 1852 1294 allego.-

167 1301 260 1349 rice
277 1301 510 1348 historiam
527 1301 731 1348 duorum
754 1298 960 1347 filiorum
976 1298 1179 1346 Abrahae
1197 1333 1210 1352 ‚
1228 1302 1315 1347 ait:
1334 1301 1551 1363 scriptum
1581 1297 1644 1344 est
1668 1299 1848 1361 quonia

170 1366 410 1415 Abraham
427 1365 543 1412 duos
557 1362 677 1413 filios
688 1363 852 1412 habuit
865 1395 877 1415 ‚
895 1379 1040 1410 vnum
1059 1363 1114 1410 de
1128 1365 1359 1416 ancilla‚&
1373 1366 1512 1410 alium
1530 1363 1586 1410 de
1599 1360 1758 1407 libera:
1773 1359 1850 1406 sed

77 1441 156 1502 (L
169 1434 254 1496 qui
271 1431 328 1478 de
343 1432 528 1481 ancilla,
549 1429 803 1477 secundum
821 1444 999 1475 carnem
1014 1440 1141 1476 natus
1155 1427 1240 1482 est3
1263 1431 1345 1491 qui
1357 1444 1509 1475 autem
1524 1427 1580 1474 de
1593 1424 1754 1476 libera,
1771 1440 1852 1488 per

165 1494 570 1561 repromissionem
589 1523 604 1544 2
619 1511 721 1557 quae
738 1493 844 1539 sunt
855 1508 938 1556 per
962 1494 1227 1555 allegoriam
1254 1493 1400 1539 dicta.
1449 1492 1564 1540 Haec
1592 1494 1716 1537 enim
1746 1489 1852 1534 sunt

169 1561 267 1608 duo
280 1558 548 1607 testamenta
568 1559 716 1607 &esi
731 1559 837 1604 alias
851 1559 1217 1622 quamplurimas
1233 1555 1390 1606 videre
1410 1560 1540 1623 cupis
1554 1555 1662 1602 vide
1678 1553 1849 1600 librum

167 1625 497 1687 allegoriarum
513 1639 596 1689 per
608 1636 758 1671 totum
775 1658 786 1670 .

236 1689 538 1753 Tropologia
556 1687 855 1754 expositione
869 1687 975 1739 vsus
990 1687 1052 1736 est
1067 1687 1329 1753 redemptor
1341 1686 1494 1735 noster
1508 1719 1519 1739 ,
1536 1701 1640 1735 cum
1663 1682 1849 1731 historia

167 1754 463 1819 poenitentiae
479 1753 803 1801 Niniuitarum
817 1788 829 1808 ,
850 1755 1139 1803 &aduentus
1153 1769 1196 1800 re
1237 1770 1323 1800 inae
1347 1753 1508 1800 Austri
1524 1754 1580 1798 ad
1607 1751 1849 1799 Salamone

167 1818 225 1865 ad
240 1835 262 1864 e
274 1816 578 1882 xprobandos
591 1818 920 1882 perditissimos
931 1835 1100 1869 mores,
1112 1819 1159 1864 ὃ(
1176 1836 1203 1863 o
1244 1818 1573 1866 stinatissimam
1600 1816 1845 1860 increduli-

168 1896 311 1930 tatem
327 1879 815 1945 Iudeorumdeflexit,
833 1888 1079 1949 inquiens}
1095 1880 1206 1928 Viri
1223 1882 1456 1931 Niniuitae
1471 1882 1653 1944 surgent
1667 1882 1713 1924 in
1729 1876 1843 1924 iudi⁴

171 1951 245 1995 cio
261 1963 367 1995 cum
383 1949 683 2011 generatione
697 1947 782 1995 hac
796 1981 807 2001 ‚
830 1950 877 1996 &
894 1945 1280 1999 condemnabunt
1304 1964 1398 1994 eam
1414 1979 1425 1998 ,
1442 1946 1616 2010 quiam
1631 1942 1843 2007 praedica-

171 2016 304 2060 tione
322 2011 440 2058 lone
457 2027 654 2075 egerunt
669 2015 996 2076 poenitentiam
1011 2042 1024 2064 ,
1045 2012 1096 2058 ὃς.
1110 2028 1212 2058 ecce
1238 2011 1488 2075 plusquam
1517 2010 1653 2056 Ionas
1670 2006 1730 2051 cst
1746 2006 1845 2052 hic:

81 2080 128 2130 R
154 2074 356 2139 {Regina
375 2076 533 2122 Austri
550 2076 699 2141 surget
714 2078 761 2122 in
776 2077 948 2124 iuditio
962 2092 1068 2122 cum
1083 2078 1380 2138 generatione
1393 2076 1477 2122 hac
1491 2106 1503 2126 ‚
1523 2075 1569 2120 ὃ(
1587 2071 1847 2119 condemna

154 2147 159 2166 ³
173 2138 245 2187 bit
258 2155 356 2186 cam
371 2171 383 2191 ,
401 2142 513 2203 quia
528 2145 659 2187 venit
675 2140 700 2186 a
715 2138 888 2188 finibus
901 2156 1018 2200 tem,¹
1033 2140 1192 2186 audire
1209 2139 1477 2204 sapientiam
1494 2138 1752 2186 Salomonis
1767 2167 1778 2185 ‚
1798 2135 1845 2181 &

173 2220 274 2251 ecce
287 2203 534 2268 plusquam
552 2205 772 2253 Salomon
790 2204 852 2253 est
863 2201 1012 2253 hic.Et
1027 2203 1199 2251 Paulus
1216 2210 1263 2252 in
1278 2203 1464 2268 epistola
1477 2207 1626 2267 prima
1652 2199 1709 2246 ad
1737 2197 1848 2246 Cor.
1868 2246 1870 2249 .

172 2266 405 2314 historiam
422 2267 727 2317 Hebraeorum
743 2301 756 2322 ,
772 2271 919 2334 quiin
933 2268 1106 2318 deserto
1121 2272 1360 2334 perierunt
1373 2301 1385 2322 ‚
1401 2268 1458 2315 ad
1475 2282 1623 2313 mores
1636 2267 1842 2312 accomo-

136 2366 137 2369 ,
172 2331 284 2378 dans
300 2364 313 2384 ,
329 2335 393 2378 ait
405 2364 418 2384 2
433 2348 582 2396 patres
593 2333 735 2381 nostri
754 2365 767 2386 ,
785 2350 944 2381 omnes
956 2351 1077 2381 mare
1091 2334 1363 2381 transierunt
1377 2366 1391 2388 ‚
1406 2334 1483 2380 sed
1497 2349 1606 2392 enon
1634 2348 1682 2376 in
1703 2332 1842 2395 pluri*

173 2395 262 2442 bus
289 2412 451 2442 eorum
468 2396 814 2462 beneplacitum
829 2398 891 2446 est
907 2398 1016 2446 Deo
1030 2432 1042 2451 ,
1061 2398 1156 2446 hare
1179 2412 1331 2446 autem
1358 2415 1405 2446 in
1421 2396 1572 2462 figura
1596 2396 1712 2442 facia
1741 2394 1849 2440 sum

174 2459 315 2506 nostri
333 2492 345 2513 ,
362 2473 413 2506 vt
425 2479 522 2510 non
541 2461 680 2510 fimus
693 2463 1064 2528 concupiscentes
1075 2464 1302 2511 malorum
1316 2495 1330 2516 ,
1348 2462 1461 2511 ficut
1477 2463 1604 2509 &illi
1623 2463 1846 2522 eoncupi-

175 2538 334 2572 erunt.
355 2522 530 2590 Necjue
543 2526 734 2589 idolatre
750 2526 1046 2580 efficiamini,
1065 2526 1178 2576 ficut
1191 2529 1381 2592 quidam
1405 2544 1465 2575 ex
1480 2529 1595 2579 illis,
1623 2523 1842 2588 que-mad-

175 2588 369 2635 modum
387 2589 606 2656 scriptum
624 2590 713 2646 τῆς
730 2590 849 2641 sedit
860 2593 1064 2657 populus
1078 2595 1350 2641 manducare
1369 2592 1415 2640 ὃς
1431 2590 1592 2638 bibere
1605 2622 1617 2642 ‚
1639 2591 1682 2635 ὃ(
1700 2587 1844 2634 sui-re·

175 2654 547 2702 xeruntludere.
584 2653 759 2719 Neque
773 2655 1088 2708 fornicemur,
1107 2656 1221 2705 ficut
1247 2657 1438 2718 quidam
1454 2673 1513 2702 ex
1537 2656 1608 2702 his
1633 2654 1845 2700 fornicati

90 2718 120 2769 S
177 2716 284 2763 sunt
298 2748 310 2768 ‚
331 2717 378 2762 &
395 2720 659 2767 ceciderunt
675 2736 762 2767 vna
782 2721 854 2769 die
873 2724 1196 2785 vigintimillia
1211 2757 1221 2768 .
1258 2719 1431 2784 Necjue
1448 2733 1677 2766 tentemus
1706 2714 1820 2761 Chri

175 2795 274 2828 tum
295 2812 307 2832 ,
325 2780 439 2829 ficut
452 2783 643 2845 quidam
657 2800 820 2831 eorum
837 2801 1136 2833 tentauerunt
1148 2819 1159 2837 ,
1180 2787 1228 2832 ὃ(
1241 2787 1480 2849 perierunt
1492 2782 1547 2828 ab
1563 2782 1845 2828 extermina-

174 2859 297 2893 tore.
335 2845 614 2894 Haecautem
632 2852 790 2896 omnia
804 2852 851 2897 in
870 2847 1018 2915 figura
1044 2850 1381 2912 contingebant
1406 2850 1516 2895 iliis:
1535 2847 1698 2909 scripta
1734 2843 1842 2890 sunt

172 2924 325 2958 autem
340 2911 395 2958 ad
410 2915 750 2977 correptionem
763 2913 984 2964 ηοω-ἔμω
1001 2930 1120 2977 quos
1132 2912 1196 2961 fin
1206 2929 1246 2959 es
1270 2912 1538 2962 saeculonxm
1565 2911 1819 2958 deuenerfit
1837 2941 1849 2953 .

186 2980 1578 2997 ...m-m.

1582 2987 1601 2989 --
1612 2987 1616 2989 Α
1626 2980 1850 2991 ..ψ’-ιη...-

1576 3001 1865 3066 Αῃαὲοὲὶςιῖ
