2352 3528
479 147 494 185 i
513 148 549 189 o
560 138 599 187 6
977 127 1309 208 {Rhetorica
1325 130 1650 234 Chrtstmnae

469 253 651 298 foederis
667 284 678 303 ‚
699 253 1097 317 &praeceptorum
1126 255 1405 300 iuditialium
1421 287 1431 306 ‚
1452 258 1830 315 ceremonialium
1847 291 1858 311 ,
1876 262 2147 306 moralium.

472 334 508 376 3.
526 316 792 363 officiorum
810 316 1209 366 ecclesiasticorum
1227 351 1238 370 ‚
1258 323 1413 381 qualia
1429 324 1474 366 iii
1492 320 1868 368 Deuteronomio
1881 341 1964 388 per
1978 325 2148 372 discur-

470 385 567 428 sum
583 382 820 429 hincinde
833 397 1106 446 repetuntur
1120 385 1324 444 plurima
1339 421 1347 430 .
1363 406 1405 444 4.
1424 383 1826 437 benediCtionum,
1845 385 1939 433 siue
1954 389 2147 453 promis-

171 488 175 515 Ι,
474 447 654 494 {ionum
669 445 938 493 diuinarum
956 479 967 498 ‚
987 465 1091 511 quae
1109 448 1210 501 filijs
1224 449 1446 495 mandatis
1462 449 1552 495 Dei
1568 447 2001 513 obtemperantibus
2014 469 2143 515 para-

169 528 175 557 4
469 530 522 559 tae
539 511 644 558 sunt
662 549 671 559 .
688 527 724 571 ς.
742 513 1122 559 ιηειὶεάιξὲιοηυιῃ
1140 544 1150 562 ,
1170 510 1262 557 siue
1279 529 1518 574 penarum,
1537 530 1641 578 quae
1655 517 1701 560 in
1717 516 1874 578 legum
1901 516 2148 580 transgres-
2180 528 2223 577 Y

472 578 586 623 sores
607 577 862 622 constitura*
882 575 986 621 sunt
1001 613 1010 623 .
1052 584 1092 623 6.
1109 576 1462 639 praedicstionum
1480 610 1490 629 ‚
1510 583 1557 623 in
1575 595 1669 642 qua
1697 594 1822 643 parte
1839 579 2036 640 Moyses
2063 597 2151 626 iam

173 295 181 382 μ...-
172 211 180 287 -ῄ-ο-

470 644 718 689 moriturus
732 673 742 691 ,
762 639 1087 687 benedicendo
1104 641 1225 687 filios
1242 640 1367 688 lsrael
1388 674 1398 691 ‚
1415 658 1518 705 quae
1534 642 1730 689 cuilibet
1743 644 1889 690 tribui
1924 660 2152 692 euentura

469 720 596 752 erant
614 738 625 756 ,
647 705 845 750 breuiter
859 705 1080 768 exposuit
1097 739 1108 757 ‚
1126 703 1265 766 attiae
1280 706 1579 769 prophetauit
1595 743 1604 753 .
1640 707 1838 768 Qibus
1851 711 2041 772 peraistis
2057 711 2151 774 ipse

468 771 653 816 tandem
673 769 863 829 Moyses
875 774 1097 823 moritur,
1114 769 1360 818 detestatur
1374 770 1432 816 ab
1457 770 1690 823 Israelitis,
1708 772 1928 837 sepelitur
1955 773 1978 819 a
2007 772 2120 821 Deo
2135 806 2148 826 ‚

469 834 811 881 substituiturei
828 834 967 881 losue
984 871 994 881 .

532 901 670 947 Sexta
685 930 696 949 ‚
718 899 966 945 ordinatim
983 899 1285 965 procedendo
1301 930 1312 952 ‚
1330 915 1434 963 quae
1450 900 1497 946 in
1518 901 1608 948 alio
1624 903 1723 960 atrij
1753 903 1891 949 latere
1917 901 1980 949 est
1991 905 2124 950 tertia
2139 940 2148 952 .

181 974 416 1027 Hieronym.
465 963 521 1010 In
539 980 631 1028 qua
651 963 966 1026 spectaculum
981 969 1269 1028 poenitentiae
1289 967 1334 1010 ὅ(
1352 964 1524 1011 diuinae
1539 966 1816 1012 eruditionis
1836 968 1885 1015 Β.
1907 966 2147 1028 Hierony-

464 1045 592 1077 mum
609 1028 938 1076 collocabimus
953 1045 1174 1094 tanquam
1188 1032 1424 1076 aucstorem
1441 1031 1627 1092 vulgate
1644 1030 1719 1077 seu
1746 1035 1977 1078 austorem
1994 1031 2154 1096 gloffae

464 1096 615 1157 legem
633 1094 843 1141 diuinam
863 1094 1164 1142 declarantem
1183 1133 1192 1141 .
1222 1096 1359 1154 Qua
1377 1092 1488 1141 sicut
1504 1094 1873 1142 Deutercnomii’i
1892 1113 2059 1142 merito
2076 1096 2153 1142 ad-

463 1159 589 1206 ditur
602 1158 1171 1223 quatuorlibrislegalibus
1187 1157 1551 1222 Moyfi,quoiiifi
1569 1175 1647 1205 eos
1661 1162 1847 1222 replicat
1866 1164 1911 1207 ὃ(
1931 1162 2150 1207 declarat,
2170 1174 2229 1225 32

465 1224 537 1272 Sic
557 1222 645 1269 istis
661 1226 879 1288 quinque
894 1223 1079 1271 additur
1093 1241 1255 1271 eoruin
1269 1228 1490 1287 interpres
1505 1223 1582 1269 seu
1609 1224 1882 1286 glossatorin
1923 1242 2152 1290 quantum

461 1306 508 1335 ea
525 1304 628 1350 quae
643 1287 746 1334 sunt
761 1289 814 1335 de
829 1286 1017 1336 essentia
1034 1289 1162 1337 sacrae
1190 1287 1422 1352 scripturae*
1450 1288 1671 1335 dilucidat
1701 1291 1748 1336 3<
1775 1289 2155 1354 explanattnihil

463 1352 519 1399 de
534 1353 616 1398 suo
631 1351 848 1400 addendo
864 1385 875 1404 ‚
892 1371 979 1400 nec
993 1353 1279 1401 minuendo:
1298 1369 1409 1417 quia
1425 1355 1581 1399 omnia
1598 1355 1840 1400 censentur
1866 1353 2004 1400 verba
2032 1353 2154 1400 diui—

182 1413 439 1469 onychinus.
461 1433 519 1464 na
540 1418 586 1463 &
602 1417 655 1462 ad
673 1423 837 1463 atrium
853 1416 1133 1465 tabernaculi
1150 1419 1451 1481 pertinentia.
1495 1417 1547 1464 ln
1570 1421 1699 1463 cuius
1718 1419 1928 1466 diadema
1950 1419 2153 1480 Onychi

447 1471 550 1528 ⁸nus
566 1481 795 1528 Arabicus
815 1486 898 1528 erit
912 1519 922 1529 .
958 1484 1067 1545 Qui
1085 1498 1132 1529 vt
1148 1500 1194 1527 in
1209 1484 1355 1544 prima
1370 1481 1508 1528 huius
1526 1486 1675 1545 operis
1702 1500 1828 1546 parte
1857 1484 2035 1529 dicium
2058 1483 2120 1530 est
2138 1515 2151 1537 ‚

445 1545 773 1610 ,accipiebatur
788 1547 842 1593 ad
859 1550 1121 1595 ornandum
1139 1546 1293 1611 Ephot
1307 1579 1318 1598 ,
1341 1546 1387 1592 &
1407 1548 1627 1593 rationale
1643 1546 1699 1593 eo
1716 1547 1849 1611 quod
1869 1547 1920 1592 lit
1936 1564 2052 1611 nigri
2070 1566 2149 1595 co-

460 1613 568 1658 loris
582 1627 691 1659 cum
709 1613 912 1660 candidis
924 1616 1058 1658 zonis
1075 1649 1083 1658 .
1104 1613 1212 1672 Qi
1229 1613 1333 1658 licet
1349 1612 1702 1676 videaturniger
1715 1629 1793 1675 per
1806 1612 2049 1675 asperitate
2069 1630 2153 1675 pe-

462 1679 665 1724 nitentiae
684 1677 731 1723 Bt
748 1676 1026 1726 humilitatis,
1046 1692 1202 1724 tamen
1218 1679 1600 1740 circumcingitur
1617 1693 1750 1724 zonis
1764 1680 1994 1741 puritatis.
2015 1677 2140 1723 Nam

465 1757 553 1789 vna
571 1757 694 1788 zona
709 1741 809 1786 alba
824 1741 887 1787 est
899 1744 1184 1789 continentia
1200 1743 1343 1789 carnis
1357 1773 1367 1792 ‚
1385 1743 1470 1787 alia
1487 1742 1698 1804 puritatis
1727 1744 1922 1788 mentis:
1941 1758 2034 1805 que
2054 1743 2150 1788 duo

462 1805 570 1852 sunt
585 1805 791 1853 maxime
808 1805 1046 1852 necessaria
1063 1806 1324 1852 diuinarum
1345 1805 1670 1870 scripturarum
1691 1805 1923 1857 studiosis,
1947 1821 1994 1851 vt
2013 1810 2060 1851 su
2104 1824 2143 1852 e·
2180 1824 2227 1871 A

181 1859 280 1948 ¹:¹⁰3·
309 1872 414 1899 ‘0¹³'-
443 1876 553 1935 ¹rius
571 1873 854 1918 inculcatum
869 1870 956 1918 est.
996 1871 1184 1918 Cassitas
1199 1886 1323 1918 enim
1342 1870 1404 1917 est
1417 1870 1723 1937 pulchritudo
1741 1875 1919 1924 amnne,
1939 1869 2034 1927 siue
2051 1824 2146 1933 siplie

210 1925 379 1953 ‘mmm’
459 1951 574 1998 regis
591 1937 647 1982 ab
670 1941 793 1984 intus
810 1971 820 1983 .

439 1966 450 2061 i
523 2000 581 2047 In
596 2003 793 2048 introitu
811 2000 919 2048 vero
936 2002 1037 2060 atrii
1058 2017 1193 2051 erunt
1207 2018 1411 2068 quatuor
1425 2003 1645 2063 columne
1664 2018 1769 2048 cum
1788 2001 1878 2048 suis
1894 1999 2081 2047 bafibus
2099 2002 2147 2049 &

180 2081 431 2134 Mursenpus
460 2064 711 2128 capitibus.
732 2065 786 2111 In
802 2070 948 2130 prima
965 2068 1098 2116 huius
1113 2073 1327 2117 introitus
1342 2078 1559 2117 columna
1577 2067 1640 2113 est
1667 2066 1921 2114 Matthaeus
1937 2064 2146 2131 Euange-

457 2130 820 2182 lista,ostendens
834 2130 1061 2179 blessiam
1080 2135 1211 2180 illum
1229 2166 1241 2186 ‚
1262 2137 1309 2180 in
1324 2149 1422 2180 tota
1437 2133 1545 2179 serie
1562 2132 1888 2196 scripturarum
1911 2135 2071 2177 veteris
2084 2133 2158 2179 tes

456 2210 645 2242 tamenti
662 2198 791 2242 toties
803 2193 1073 2258 promissum
1093 2201 1180 2244 iam
1194 2213 1290 2244 tum
1309 2195 1615 2244 aduenissez&
1629 2197 1755 2244 hunc
1768 2192 1856 2243 effe
1876 2213 1922 2242 re
1938 2212 2043 2241 vera
2060 2197 2144 2243 ho-

457 2276 632 2305 minem
650 2261 780 2306 illum
800 2261 967 2314 lesum,
992 2266 1075 2326 qui
1089 2262 1258 2309 dicitur
1277 2259 1624 2309 ChristusIdeo
1641 2265 1696 2308 (ᾖ
1711 2262 1826 2308 facie
1841 2259 2043 2309 hominis
2064 2261 2139 2307 ha·

459 2324 580 2371 betis
596 2327 642 2368 in
658 2324 914 2372 diademate
928 2327 1135 2377 adamate
1153 2325 1619 2391 iinaginabiniu52qui
1635 2327 1745 2373 licet
1759 2341 1948 2390 paruus,
1960 2326 2142 2373 &modi

461 2386 748 2451 cuslitlapis,
766 2404 918 2437 tamen
935 2392 1182 2455 splendens
1208 2394 1254 2438 ὃ(
1270 2391 1440 2438 solidus
1455 2408 1504 2438 ac
1527 2394 1684 2454 magni
1713 2393 1876 2438 valoris
1902 2390 1989 2437 est.
2025 2387 2082 2438 Et
2097 2407 2146 2438 vt

459 2453 752 2502 Dioscorides
769 2455 899 2506 dicit,
920 2458 981 2502 est
997 2473 1178 2521 gemma
1193 2457 1578 2502 reconciliationis
1596 2456 1848 2502 &amoris.
1878 2452 2142 2520 Euangelit’i
2183 2471 2220 2520 Β

458 2519 545 2566 hoc
557 2520 868 2583 principaliter
882 2521 1043 2568 insistit
1058 2523 1330 2569 humanitati
1349 2517 1634 2584 Christijpsa
1649 2520 1939 2568 declarando:
1957 2521 2003 2566 in
2023 2525 2138 2582 qua-

456 2600 552 2630 tum
567 2598 658 2630 erat
677 2599 809 2630 verus
823 2584 965 2632 horno
979 2618 992 2639 ,
1010 2586 1182 2633 dicens:
1201 2585 1347 2634 Liber
1358 2587 1667 2651 generationis
1681 2584 1790 2632 Iesu
1807 2582 1985 2631 Christi
2003 2623 2011 2632 .
2031 2586 2141 2647 Qui

455 2649 559 2694 licet
573 2652 619 2693 in
635 2645 979 2698 similitudinem
995 2651 1249 2699 hominum
1264 2651 1411 2699 saltus
1428 2652 1476 2698 ὃ(
1491 2648 1677 2697 habitus
1693 2651 1916 2698 inuentus
1931 2648 1983 2695 fit
1998 2665 2046 2696 vt
2058 2650 2139 2698 ho-

453 2729 531 2759 nio
553 2714 599 2759 ὅ(
614 2729 784 2775 paruus
804 2730 854 2760 ac
869 2715 1081 2764 modicus
1099 2715 1365 2770 videbatur,
1383 2733 1491 2763 cum
1521 2710 1632 2763 esset
1655 2730 1809 2762 tamen
1827 2714 2049 2780 splendor
2059 2731 2119 2781 pa

415 2825 420 2830 ,
450 2782 526 2823 tris
545 2780 591 2824 ὃ(
608 2778 776 2842 figuras
792 2778 1052 2828 substantiae
1066 2784 1183 2831 eius:
1201 2783 1292 2829 fuit
1305 2781 1613 2846 solidu51quia
1639 2797 1772 2828 uerus
1789 2778 1922 2827 Deus
1941 2781 1988 2828 ὅ(
2006 2795 2145 2826 uerus

165 2822 287 2917 36ᾟῆ
297 2824 420 2917 *ἔξω
432 2878 437 2902 ,
451 2843 593 2888 horno
610 2846 907 2894 reconcilians
923 2863 1004 2894 nos
1018 2850 1135 2911 patri
1149 2863 1344 2896 aeterno.
1382 2847 1539 2909 Qod
1553 2861 1708 2894 autem
1726 2845 1784 2893 ab
1799 2845 2001 2893 humana
2021 2843 2139 2893 Chri

166 2892 659 3034 ³1⁴t.i1npuffi‘sticoepit
674 2911 984 2964 natiuitate‚&
999 2912 1250 2960 humanam
1266 2917 1361 2962 eius
1374 2915 1728 2978 generationem
1744 2911 1972 2976 exposuit
1984 2942 1997 2963 ‚
2014 2926 2143 2958 ccm-

1989 2994 2123 3060 pulit

174 3064 375 3077 -0—-0—
