2352 3528
718 164 841 234 Ad
871 165 1273 245 Lec‘i‘orerm.

163 331 166 335 ·
189 290 250 350 ed
270 290 519 367 pleraque
535 292 737 344 viribus
757 288 994 360 corporis
1021 286 1455 341 administrabant
1501 291 1676 343 Nemo
1695 292 1821 361 legi
1843 340 1845 343 .

162 371 314 425 finias
348 363 551 422 ‘viderat
569 363 780 436 nuptias
802 400 815 420 ,
835 380 997 415 nemo
1019 379 1195 415 certos
1229 360 1528 432 inspexerat
1556 359 1755 417 liberos
1773 407 1784 418 .

162 447 559 513 Quo-tempore
575 439 790 511 quidam
804 453 1025 507 magnus
1043 434 1293 489 videlicet
1323 434 1418 490 vir,
1437 434 1697 507 dispersos
1732 438 1818 493 ho*

158 520 332 571 mines
351 516 405 569 in
433 513 591 585 agris,
613 519 658 567 3<
677 514 807 566 locis
834 506 1169 584 syluestribus
1200 503 1414 562 abditos
1433 547 1441 563 .
1461 511 1669 563 ratione
1699 530 1821 583 qua·

164 589 559 660 dam'c‘ompulir
576 588 628 640 in
648 603 813 639 vnum
828 589 1018 640 locum,
1042 591 1084 639 δι’
1114 582 1482 654 congregauit,
1499 590 1541 638 8<
1558 600 1656 637 ‘eos
1675 604 1737 638 ex
1752 587 1821 639 fe-

163 666 296 720 ris&
329 662 650 716 immanibus
670 700 678 717 ‚
698 663 855 714 mites
885 660 1141 717 reddidit,
1161 664 1205 712 δι’
1236 657 1537 711 mansuetos
1557 698 1568 710 .
1619 658 1820 719 Huius,

165 736 507 811 inquam,rei
539 735 829 789 admirandi
860 733 1101 789 effec‘tus,
1131 733 1297 789 multo
1316 731 1500 785 clarius
1519 770 1531 791 ,
1549 737 1706 804 quam
1733 753 1830 801 vn<

165 831 324 884 quam
340 812 396 864 in
419 810 545 864 noui
567 808 829 862 [ndiarum
848 808 1004 861 Maris
1025 806 1238 861 Oceani
1266 801 1418 859 orbis
1438 807 1663 860 hominii
1679 825 1802 862 man

167 885 487 941 suefadtione
507 897 779 955 apparent.
795 881 1172 938 Contraximus
1195 894 1372 934 autem
1392 882 1649 939 omnium,
1668 899 1820 954 quot-

168 975 300 1032 quot
317 973 440 1013 ante
471 959 567 1012 hac
584 957 638 1009 in
659 957 844 1009 eadem
865 974 921 1009 re
936 953 1256 1008 desudarunt
1272 951 1639 1009 sententias‚in
1658 957 1820 1012 breue

168 1036 307 1105 quali
327 1032 710 1104 compendium
726 1065 735 1082 ‚
751 1046 808 1084 vt
829 1030 946 1102 quis
972 1046 1083 1082 vno
1116 1025 1313 1082 intuitu
1334 1029 1555 1081 aliorum
1585 1029 1754 1101 sparse
1775 1039 1817 1087 8<

164 1102 702 1178 vage‚tam'1111at'1110
734 1108 888 1174 quam
905 1104 1103 1173 vulgari
1125 1102 1344 1174 eloquio
1361 1103 1494 1155 dieta
1511 1104 1819 1179 conspicere

165 1195 355 1255 queat,
371 1182 482 1233 Nec
520 1179 624 1232 hoc
639 1179 765 1232 mihi
784 1179 919 1233 vitio
934 1177 1249 1230 vertendum
1267 1177 1490 1231 arbitror
1516 1195 1637 1231 cum
1656 1181 1802 1234 Euan

161 1258 366 1328 gelium
385 1256 460 1307 D.
475 1253 668 1310 Martii,
683 1249 1009 1308 abbreuiaffe
1031 1254 1261 1304 Marcum
1278 1251 1660 1322 Euangelistam
1679 1293 1689 1310 ,
1708 1272 1818 1309 non
1849 1253 1972 1293 Nota.

164 1331 253 1382 nisi
273 1328 477 1384 summa
502 1345 624 1382 cum
638 1324 1100 1381 amborumlaude‚
1124 1331 1168 1379 8<
1200 1326 1423 1393 Ecclesie
1449 1329 1817 1398 acceptatione

163 1403 524 1473 intelligamus
545 1441 557 1453 .
600 1401 816 1455 Deinde
838 1438 852 1459 ,
869 1399 997 1473 quid
1014 1397 1292 1451 dedecoris
1322 1399 1502 1453 afferat
1528 1403 1693 1458 laeieo
1715 1409 1818 1459 elo-

161 1478 401 1547 quentiae
418 1474 631 1528 flumine
649 1473 984 1544 permanenti
999 1472 1124 1526 Tito
1143 1472 1314 1529 Liuio,
1331 1470 1452 1526 suus
1470 1469 1818 1534 abbreuiator

157 1551 356 1607 Florus,
378 1566 491 1602 non
521 1548 711 1604 video,
740 1551 990 1615 Quorum
1020 1545 1209 1618 scripta
1236 1546 1438 1617 vbique
1467 1552 1815 1619 gentium,ab

157 1624 405 1678 omnibus
428 1617 691 1675 bonarum
708 1622 980 1676 literarum
996 1622 1227 1695 studiosis
1247 1659 1257 1679 ,
1277 1616 1455 1676 obuiis
1472 1640 1528 1678 vt
1543 1626 1731 1680 dicitur
1747 1634 1814 1682 vl·

158 1699 239 1752 nis
260 1697 680 1765 amplectuntur,
702 1702 745 1751 5<
764 1711 1089 1749 venerantur
1105 1694 1262 1749 vnice
1277 1737 1289 1750 .
1320 1696 1421 1751 Sed
1448 1696 1654 1752 forsitan
1672 1702 1815 1757 dicet

156 1773 305 1844 quis:
326 1771 455 1824 Haec
476 1769 603 1842 quid
620 1770 683 1823 ad
701 1787 812 1824 rem
827 1779 851 1823 e
881 1768 1085 1824 Primus
1119 1769 1262 1823 enim
1281 1770 1498 1843 Spiritus
1534 1778 1634 1827 San
1645 1776 1708 1828 eii
1727 1778 1817 1841 dur

157 1848 252 1902 ἂιι,
270 1852 316 1901 8<
335 1861 401 1899 eo
419 1840 707 1915 impulsore
722 1840 870 1897 suum
894 1842 1044 1897 ausus
1065 1845 1133 1896 est
1163 1843 1395 1899 facinus.
1424 1843 1575 1901 Alter
1590 1853 1720 1903 vero
1739 1851 1809 1904 hi-

153 1918 678 1975 storiaededitiffimus
699 1935 892 1972 munus
912 1917 1058 1971 suum
1078 1919 1288 1971 strenue
1305 1914 1498 1975 obiuit‚
1518 1936 1680 1994 atque
1699 1933 1807 1979 non

154 1995 347 2049 minori
364 2011 485 2048 cum
500 1993 813 2046 dexteritate
839 1991 1386 2046 administrauit.Non
1423 2012 1526 2065 ego
1556 1999 1805 2068 pugnaci-

153 2083 233 2123 ter
249 2068 418 2122 immo
438 2068 504 2120 de
523 2085 647 2120 meo
665 2070 883 2137 paucula
902 2065 1134 2136 quidem
1153 2065 1242 2119 sed
1263 2067 1288 2119 ὲ
1307 2063 1685 2138 probatiffimis
1702 2074 1807 2146 qui

155 2142 389 2213 plurimis
419 2136 729 2194 dodioribus
762 2156 884 2212 quae
915 2140 1136 2192 dicimus
1165 2154 1219 2195 te
1249 2156 1578 2211 reperturum
1620 2143 1758 2201 scio,

157 2217 342 2289 quue
370 2215 653 2269 animosior
679 2214 1089 2286 atquesecurior
1118 2214 1216 2266 hac
1243 2232 1298 2267 re
1320 2215 1548 2274 innitor.
1584 2221 1806 2275 maxime

161 2292 303 2361 quod
317 2289 489 2344 sali'uae
505 2294 551 2343 3<
566 2287 859 2341 assertionis
877 2288 1100 2358 propriae
1114 2287 1243 2341 nihil
1260 2288 1630 2346 admiscuerint
1643 2333 1656 2346 .
1689 2295 1811 2366 Ego

156 2369 366 2436 nanque
382 2362 589 2432 semper
603 2361 804 2417 alienis,
826 2364 849 2413 εὶ
880 2365 1099 2417 veritate
1116 2380 1230 2415 non
1261 2362 1671 2422 abhorrentibus
1690 2407 1699 2422 ‚
1719 2388 1802 2424 ve·

153 2438 382 2492 recunde
397 2437 476 2492 vti
492 2439 645 2490 malo,
663 2440 818 2507 quarn
832 2452 950 2488 mea
967 2436 1400 2506 imprudentem&
1423 2438 1662 2511 perfridia
1681 2438 1799 2497 fron

151 2511 496 2581 reingerere.
536 2512 716 2581 Atque
748 2525 910 2562 nemo
937 2526 1023 2562 me
1039 2511 1227 2563 melius
1246 2511 1399 2565 nouit
1426 2520 1585 2569 multa
1605 2522 1649 2570 8<
1678 2533 1797 2589 prae-

152 2585 416 2638 clariffima
434 2599 609 2638 extare
636 2590 680 2636 ὃ(
696 2581 1006 2636 delitescere
1024 2583 1267 2653 ingenia,
1287 2602 1514 2656 quorum
1531 2591 1797 2645 intereffet

152 2660 236 2711 illa
250 2659 430 2712 conari
447 2697 457 2715 ,
475 2656 563 2710 sed
583 2657 696 2709 haec
710 2651 1011 2710 vtilioribus
1036 2656 1210 2710 forsan
1231 2663 1276 2713 8<
1293 2661 1692 2720 comodioribus
1722 2665 1797 2720 in-

151 2732 375 2803 uigilant
388 2746 546 2805 atque
563 2730 768 2785 student
787 2770 799 2782 .
840 2731 918 2782 Eo
937 2732 1068 2784 vero
1084 2732 1279 2787 animo,
1298 2732 1461 2785 lestor
1477 2736 1663 2793 amice,
1679 2756 1795 2810 pro·
1822 2745 1942 2789 zelus
1964 2752 2072 2794 ,uuo

149 2805 379 2860 uinciam
395 2805 529 2859 hanc
546 2803 809 2875 aggress'us
827 2802 956 2860 sum,
973 2820 1032 2859 vt
1049 2804 1212 2858 habea
1222 2821 1280 2859 nt
1294 2806 1436 2859 doc’ci
1451 2809 1592 2864 vnde
1610 2829 1792 2867 eorum
1823 2801 1883 2839 ¹³⁸·

149 2880 411 2933 memoria
441 2896 736 2933 recreetur.
775 2877 1022 2933 Aliivero
1052 2896 1143 2951 qui
1162 2879 1295 2931 hinc
1324 2879 1449 2934 inde
1466 2883 1641 2955 paffim
1669 2904 1793 2939 con-

1273 2990 1309 3048 b
1392 3021 1415 3064 3
1573 3001 1785 3058 cionan-
