2352 3528
211 105 2283 143 Ἢ
2325 128 2330 144 y

526 168 636 210 llo
990 143 1319 216 Rhetortcae
1354 150 1412 218 C
1413 146 1711 239 hrzsz‘tanae

1102 244 1106 245 ⁷
1855 247 1916 257 ,,,-
1953 249 2169 258 ....-....

526 262 679 304 locum
698 276 781 306 uec
797 260 1021 307 reditibus
1034 277 1112 307 aut
1126 261 1427 324 pensionibus
1442 281 1603 310 annuis
1621 264 1841 311 dotantur
1855 265 1933 311 sed
1965 267 2103 328 gratis
2126 263 2170 308 ὅ(

528 322 797 370 Christianae
813 323 1052 372 charitatis¹
1061 327 1168 389 erga
1183 326 1320 378 trium
1336 324 1652 390 predidkorum‘
1665 327 1882 374 ordinum
1900 328 2058 374 fratres
2075 343 2170 372 om·

526 391 598 433 nia
619 386 777 434 officia
794 385 1100 436 Ecclefiastica
1119 390 1168 435 &
1180 391 1374 453 politica
1390 390 1610 438 edocent.
1626 392 1743 439 Sunt
1757 405 1912 438 autem
1929 391 2037 451 edes
2054 390 2172 450 sacre

526 450 584 498 ab
600 452 697 497 aliis
716 451 929 512 separatae
943 457 992 498 in
1009 452 1205 499 modum
1219 454 1469 501 insularum
1487 458 1611 502 vicos
1626 452 1837 518 vndique
1851 454 2102 506 habentes,
2125 453 2172 498 δε

526 516 640 562 altos
656 518 849 578 parietes
868 517 1029 562 saxeos
1046 516 1095 562 &5
1111 517 1237 563 calce
1253 519 1643 570 interlit0s‚nullis
1659 535 1880 565 connexae
1895 516 2098 564 aedificiis
2118 533 2171 562 co

527 580 826 627 haerennbus.
862 580 918 626 In
936 578 1126 643 singulis
1144 594 1302 626 autem
1332 584 1493 629 viculis
1508 582 1679 644 quibus
1695 586 1942 647 cinguntur
1970 580 2173 627 existunt

527 643 709 707 fingulae
734 643 935 688 ardiculae
953 644 1010 689 ad
1026 660 1149 706 quas-
1172 642 1338 691 diebus
1361 645 1760 699 sollemnioribus,
1777 646 1947 710 quibus
1974 644 2173 708 publicae
2203 663 2250 713 H

526 708 881 769 supplicationes
898 706 1089 753 decreta:
1104 709 1206 754 sunt
1222 708 1477 761 accedunt,
1497 709 1741 762 videlicet,
1760 726 1809 756 in
1835 709 1951 756 festo
1970 710 2173 771 corporis

527 771 570 818 C
580 771 704 816 lii-isti
719 789 731 815 ε
750 787 836 815 nec
851 770 1184 817 sacrosanCmm
1199 771 1537 819 sacramentum
1552 775 1735 836 longius
1749 771 2079 820 circumferunt
2091 786 2175 834 per

524 837 632 881 alias
650 835 1041 896 plateas‚propter
1057 835 1287 882 summam
1301 839 1608 884 reuerentiam
1630 837 1679 882 &
1694 833 2060 899 sumptuositate,
2078 850 2174 898 qua

524 914 635 943 tunc
653 914 747 943 v1as
761 913 1006 944 exornant:
1022 895 1184 961 itaque
1199 932 1212 951 ‚
1230 898 1263 946 fi
1280 915 1363 962 per
1380 901 1490 947 alias
1506 904 1646 947 etiam
1661 901 1837 962 plateas
1850 902 1993 945 iretur
2010 897 2176 945 fierent

524 961 766 1008 immodici
783 961 988 1024 sumptus
1005 998 1012 1006 .
1028 976 1262 1024 praeterea,
1279 973 1327 1010 in
1342 963 1462 1011 feriis
1477 965 1810 1011 resurrestionis
1833 962 1882 1008 ὅ(
1912 963 2175 1011 &ustorum

525 1028 789 1072 tutelarium
820 1028 894 1072 vel
925 1030 1120 1073 ciuitatis
1134 1041 1437 1090 patronorum
1467 1045 1652 1075 necnon
1676 1027 1740 1075 D.
1758 1027 1909 1077 Patris
1937 1025 2174 1079 Francisci,

524 1088 666 1154 idcjue
684 1107 734 1135 ea
751 1090 974 1153 religione
989 1106 1130 1152 quam
1148 1091 1228 1137 suo
1243 1092 1348 1137 loco
1368 1091 1724 1140 declarabimus.
1761 1091 1844 1139 Ad
1872 1089 2039 1137 finistra
2057 1103 2173 1136 tem·

523 1156 704 1215 plorum
722 1168 902 1216 partem
919 1154 1021 1200 sunt
1035 1154 1134 1201 ludi
1149 1156 1333 1202 literarii
1348 1155 1648 1219 quadrilateri
1663 1172 1778 1219 quos
1805 1153 2072 1218 plerunque
2091 1154 2175 1199 mil

526 1222 564 1262 le
586 1219 819 1263 iuuenculi
837 1218 939 1279 plus
957 1220 1107 1264 minus
1127 1217 1428 1282 frequentant
1452 1235 1538 1282 pro
1553 1219 1813 1283 frequentia
1842 1219 2056 1264 locorum
2073 1220 2173 1280 qui·
2210 1239 2235 1288 1

521 1282 606 1328 bus
621 1284 750 1328 rectae
765 1282 965 1344 loquelae
979 1281 1208 1344 reitaeqi'ie
1225 1283 1453 1346 scripmrae
1469 1283 1653 1330 scientia
1682 1283 1902 1331 traditur:
1919 1282 2140 1344 praeterea
2154 1313 2167 1334 ,

520 1346 745 1391 docentur
762 1362 924 1392 canere
945 1363 1059 1392 voce
1075 1379 1088 1398 ,
1106 1345 1276 1394 fidibus
1291 1380 1303 1400 ,
1328 1347 1376 1392 &
1389 1351 1542 1394 neruis
1573 1346 1845 1411 habentcjue
1861 1347 1994 1408 plura
2011 1344 2166 1392 instru-

520 1425 675 1456 menta
705 1408 875 1456 musica
903 1413 1042 1471 quam
1064 1411 1190 1474 apud
1219 1411 1441 1458 nostrates
1466 1425 1759 1475 reperiuntur
1774 1446 1786 1458 .
1819 1409 1901 1458 Ad
1933 1426 1985 1456 ea
2013 1423 2169 1457 autem

519 1477 736 1521 exercitia
753 1489 883 1520 certae
901 1475 993 1520 diei
1021 1474 1144 1522 horae
1159 1478 1396 1523 matutinae
1413 1474 1462 1525 ὃ(
1477 1477 1749 1540 vespertinae
1777 1473 2034 1522 constitutae
2065 1473 2170 1519 sunt

517 1553 832 1584 conuocantur
848 1538 960 1585 vero
979 1538 1026 1584 8<
1042 1538 1339 1586 dimittuntur
1354 1539 1412 1586 ad
1425 1541 1610 1602 pulsum
1640 1539 1986 1602 campanularfi.
2004 1537 2168 1597 Qan-

516 1604 577 1648 do
593 1601 861 1649 adeundum
879 1603 942 1649 est
963 1602 1021 1649 ad
1039 1620 1137 1649 rem
1155 1603 1324 1651 sacram
1341 1603 1503 1651 ordine
1521 1604 1718 1652 ducsitur
1737 1605 1850 1651 &in
1865 1603 2051 1664 templis
2072 1618 2168 1648 ma-

515 1682 603 1730 gna
622 1684 726 1712 cum
744 1668 971 1731 elegantia
988 1669 1237 1715 versantur.
1252 1668 1449 1715 Discunt
1464 1672 1604 1716 etiarn
1621 1672 1984 1733 pingere,rerum
2003 1667 2164 1729 imagi-

440 1733 445 1738 '
514 1747 592 1776 nes
613 1731 846 1777 coloribus
864 1731 1111 1783 delineare,
1131 1731 1177 1777 &
1193 1748 1325 1779 acute
1341 1735 1548 1796 pingere.
1585 1733 1727 1781 Initio
1745 1729 1956 1779 maxime
1984 1732 2167 1792 pietatis

515 1794 583 1840 vir
618 1794 782 1841 Petrus
800 1794 1073 1847 Gandcnfis,
1094 1796 1152 1842 de
1167 1812 1262 1858 quo
1280 1796 1715 1860 alibiopportunius
1735 1796 2101 1846 dicetur,omnes
2120 1811 2167 1841 ar
2196 1817 2244 1866 K

514 1873 582 1903 tes
603 1858 893 1906 mechanicas
911 1876 1011 1922 quae
1027 1860 1150 1922 apud
1166 1877 1249 1906 nos
1264 1863 1311 1906 in
1328 1861 1411 1907 vsu
1428 1860 1661 1908 habentur
1686 1861 1791 1907 illos
1809 1858 2011 1906 docebat
2024 1888 2036 1908 ‚
2054 1873 2166 1921 quas

233 1914 482 1976 ‘hi-formatio
513 1924 577 1968 1111·
595 1938 782 1985 propter
809 1924 1120 1969 assiduitatem
1142 1922 1386 1970 &feruore
1405 1941 1499 1987 quo
1528 1925 1623 1987 ipse
1637 1922 1936 1987 proponebat
1951 1921 2086 1969 facile
2118 1921 2167 1967 ὃς

231 1975 426 2060 {ffiosffss
462 2037 474 2058 Ἰ
513 1987 640 2033 breui
658 1987 1005 2050 percipiebant.
1037 1989 1138 2034 Iam
1156 1989 1269 2034 alter
1295 1989 1492 2034 alterum
1509 1988 1602 2034 sine
1625 1990 1705 2051 spe
1736 1990 1850 2034 lucri
1868 1987 1945 2034 vel
1969 1985 2164 2050 quaestus

234 2040 339 2111 1112,ss
361 2037 480 2112 0513,
513 2052 694 2097 easdem
727 2051 866 2097 docet
882 2087 891 2097 .
929 2051 984 2097 In
1002 2056 1115 2097 areis
1149 2051 1398 2098 scaturiunt
1412 2053 1717 2100 amoenissimi
1742 2051 1894 2099 fontes
1913 2055 1961 2097 in
1991 2047 2166 2113 quibus

228 2141 346 2178 quies.
512 2119 642 2178 pueri
659 2115 812 2161 sordes
830 2118 1032 2177 corporis
1049 2114 1248 2162 abluunt
1266 2119 1374 2178 quia
1392 2119 1439 2162 in
1454 2120 1614 2179 primis
1630 2117 1718 2163 illis
1735 2114 2088 2179 praescribuntur
2102 2115 2167 2159 le-

511 2196 588 2243 ges
608 2179 868 2230 munditiei,
887 2178 1052 2226 scholis
1068 2182 1285 2226 continua
1301 2180 1457 2227 solent
1476 2178 1564 2227 esse
1594 2181 1759 2229 sacella
1774 2177 1952 2227 affabre
1980 2176 2100 2226 faita
2114 2180 2162 2224 in

510 2242 677 2305 quibus
694 2242 855 2288 diebus
876 2242 1041 2289 feriatis
1067 2243 1371 2290 &dominicis
1400 2248 1647 2292 conciones
1679 2244 1739 2292 ad
1770 2242 1914 2291 Indos
1936 2242 2168 2289 habentur

513 2311 559 2352 ὃς
577 2306 702 2365 misse
723 2306 1026 2353 celebrantur:
1044 2309 1158 2353 nulli
1173 2310 1298 2353 enim
1316 2308 1417 2353 sunt
1432 2308 1680 2356 hominum
1700 2322 1848 2355 coetus
1868 2305 2037 2370 quibus
2065 2308 2168 2369 qui-

510 2372 616 2417 dem
636 2388 716 2417 nos
734 2369 964 2432 prat-simus
982 2371 1107 2433 apud
1125 2388 1240 2434 quos
1256 2385 1352 2417 tam
1368 2374 1573 2435 ingentia
1590 2371 1675 2419 fint
1689 2372 1884 2435 templa,
1907 2384 1958 2418 vt
1973 2386 2166 2416 omnem
2200 2389 2242 2439 L

509 2435 690 2481 turbam
710 2451 870 2497 capere
889 2435 1061 2497 possmt
1080 2434 1255 2482 etiamsi
1271 2434 1416 2497 duplo
1436 2438 1601 2484 maiori
1617 2434 1760 2484 effent
1787 2433 2132 2499 magnitudine.

508 2500 747 2559 roirca
766 2503 903 2545 moris
919 2499 980 2546 est
997 2499 1084 2545 illis
1099 2498 1332 2562 praedicari
1350 2502 1396 2545 in
1415 2503 1527 2547 areis
1540 2533 1553 2553 ‚
1571 2517 1673 2564 quae
1690 2501 1791 2546 sunt
1805 2496 2137 2561 spatiofissimae
2149 2529 2163 2551 ,

508 2581 601 2608 non
619 2564 764 2608 splum
784 2567 830 2608 in
847 2562 1111 2609 ciuitatibus
1128 2562 1209 2610 vbi
1237 2563 1440 2611 nostram
1472 2579 1774 2611 communem
1791 2562 2017 2610 habemus
2035 2560 2167 2610 habi-

509 2631 731 2673 tationem
748 2659 758 2678 ,
779 2627 856 2672 sed
874 2631 1012 2673 etiam
1034 2630 1081 2672 in
1097 2626 1317 2673 omnibus
1342 2629 1441 2675 aliis
1457 2627 1516 2675 ad
1533 2644 1635 2691 quae
1663 2626 2003 2690 praedicationis
2034 2625 2165 2673 causa

508 2692 770 2737 accedimns
787 2725 798 2737 .
836 2690 963 2739 Nam
983 2691 1252 2756 Vbicunque
1278 2691 1431 2738 sumus
1462 2691 1644 2755 semper
1657 2697 1791 2755 operi
1821 2694 2079 2740 animarum
2097 2689 2165 2737 su-

469 2812 474 2816 »
509 2772 605 2801 mus
623 2769 786 2801 llltCsstl
804 2791 814 2801 .

573 2819 621 2865 Et
642 2820 848 2882 sequenti
867 2819 1110 2867 stemmate
1125 2819 1419 2868 manifestum
1435 2819 1518 2868 fiet
1531 2853 1542 2874 ‚
1560 2819 1690 2885 quod
1706 2835 1789 2884 per
1805 2821 2008 2868 elemeta
2022 2819 2162 2867 etiam

505 2883 801 2945 alpliabetica
819 2884 1052 2945 explicare
1068 2883 1357 2931 conabimur.

2334 558 2337 575 l

2334 643 2338 653 ι

200 2936 203 2951 A

200 2956 204 2981 l

182 3034 546 3043 „mmm
652 3038 659 3045 .
742 3039 789 3046 -,
912 3040 919 3048 ,
2046 3048 2051 3058 ,
