2352 3528
539 164 574 209 2
577 139 673 223 38
1042 136 1380 244 Rhetorica
1415 136 1774 234 Chrgsttdnae

540 265 740 312 honestis
760 270 805 308 ὅ(
824 265 1183 326 piilchris,aliter
1198 269 1243 311 in
1260 264 1682 316 laudatione‚aliter
1699 268 1744 309 in
1766 267 2192 325 vituperatione‚ali

503 337 508 342 ‘
539 344 607 375 ter
625 332 670 374 in
694 331 1009 375 coininatione
1029 361 1041 381 ,
1058 329 1188 376 ahter
1215 331 1261 375 in
1293 328 1639 375 beneuolentiae
1670 326 2060 375 comonstratione
2080 345 2193 375 voce

285 403 411 441 Nota.
540 389 767 459 gestuque
786 391 1010 438 Vtendum
1030 393 1093 439 est
1113 429 1122 437 .
1139 390 1311 456 Itaque
1327 407 1516 438 materia
1533 391 1778 454 diligenter
1796 406 1903 437 ante
1921 395 2079 438 animo
2099 410 2196 438 ver-

543 456 681 504 sanda
701 453 927 517 est,atqt'ie
945 474 1039 502 non
1056 456 1204 502 solum
1221 459 1307 502 toti
1323 458 1537 508 orationi,
1557 455 1633 503 sed
1653 454 1840 516 lingulis
1857 455 2063 515 partibus
2090 474 2198 502 con-

543 522 779 567 uenientia
798 518 955 571 verba,
980 518 1190 584 &gestus
1209 519 1423 567 adhiberi·
1454 518 1644 566 debent.
1679 519 1898 566 Absurdfi
1921 523 2044 564 enim
2061 519 2196 571 foret,

546 589 694 631 virum
715 583 902 629 doitutn
923 583 1089 629 eodem
1106 598 1275 646 genere
1304 582 1536 647 loquendi
1553 587 1631 636 vti,
1649 600 1745 646 quo
1762 584 1908 630 idiota
1924 584 2115 644 aliquis:
2134 599 2200 630 at-

546 647 642 712 quc
658 661 871 709 ineptum
890 644 999 692 esset
1027 647 1144 706 stylo
1160 648 1255 698 vili,
1278 647 1325 692 &
1344 646 1530 693 sordido
1548 648 1760 707 mysteria
1778 647 2022 694 scientiam]
2037 649 2201 692 omniu

546 727 698 759 rerum
717 709 1040 772 pretiosissima
1055 710 1188 757 tradi.
1204 712 1510 773 Qapropter
1527 727 1642 773 opus
1660 711 1745 757 fuit
1761 729 1857 757 non
1875 711 2020 757 solum
2037 726 2203 757 oratio·
2236 735 2270 784 F

547 794 604 823 nc
618 774 856 821 recondita
877 773 923 819 8<
940 774 1107 821 secreta
1128 792 1286 822 verum
1305 778 1443 821 etiam
1463 777 1708 821 inuolucri.s
1735 775 1995 822 fabularum
2016 807 2026 827 ‚
2045 777 2206 838 apolo-

548 838 1750 905 gorum,figurarum,tr0porum,allegoriarum,vnde
1776 838 2087 885 fabulosarum
2108 856 2207 886 nar-

548 909 780 951 rationum
801 903 845 947 8<
865 905 1221 950 ratiocinationi]
1241 906 1435 950 varietas
1451 901 1707 964 profluxit.
1747 901 1855 948 Huc
1885 901 2092 949 {imiliter
2105 919 2208 966 per-

550 973 666 1014 tinet
683 965 1021 1013 animaduersio
1038 967 1146 1019 loci,
1166 970 1387 1028 temporis
1406 967 1699 1013 solacismort‘i
1722 967 1922 1026 syntaxis
1940 967 2205 1019 verborum,

549 1031 798 1097 figurarum
820 1030 1086 1083 verborum,
1110 1031 1158 1076 ὃ(
1175 1031 1455 1077 sententiat-fi
1475 1030 1520 1076 &
1543 1046 1594 1077 vt
1613 1031 1754 1076 semel
1781 1031 1882 1077 dicii
1899 1035 2109 1077 omnium
2130 1049 2207 1076 eo-

2327 782 2330 809 1

2328 813 2333 912 ἓ

2332 1019 2335 1038 l

2332 1043 2336 1069 't

551 1114 650 1142 rum
672 1128 683 1147 ,
702 1111 803 1157 quae
818 1096 877 1141 ad
895 1110 1166 1142 ornamenta
1185 1094 1231 1140 δε
1261 1096 1541 1159 elegantiam
1559 1098 1819 1159 pertinent.
1851 1093 1996 1142 Cuius
2015 1095 2208 1159 quidem
2333 1110 2338 1172 i

549 1165 666 1208 ratio
685 1176 730 1204 in
745 1157 1042 1221 sequentibus
1062 1159 1347 1222 explicatur.

2337 1241 2339 1256 i

753 1296 816 1333 De
829 1286 1042 1349 affeffibus
1059 1293 1109 1341 θ’
1125 1302 1260 1334 eorum
1275 1287 1478 1335 excitandi
1495 1289 1608 1334 modo
1626 1323 1636 1333 .
1769 1295 1868 1350 Cap.
1906 1297 1929 1334 1
1945 1296 2001 1333 X.
2235 1313 2282 1362 G
2338 1280 2341 1336 ᾗ

656 1415 800 1462 Tiam
824 1412 852 1460 fi
871 1428 1032 1477 quarta
1052 1416 1187 1462 huius
1207 1417 1357 1477 operis
1373 1431 1490 1478 pars,
1511 1413 1624 1478 quid
1642 1416 1687 1461 in
1705 1413 1949 1462 affectibus
1967 1413 2211 1461 mouendis

662 1479 760 1526 fieri
776 1494 997 1541 oporteat
1024 1495 1312 1542 exequatur:
1332 1479 1422 1526 hoc
1439 1495 1588 1540 capite
1605 1512 1616 1530 ,
1636 1496 1731 1542 quo
1748 1479 1796 1526 id
1827 1481 1971 1526 modo
1993 1479 2209 1542 consequi

551 1543 777 1606 possimus
795 1542 1111 1590 demonstrare
1143 1544 1289 1590 visum
1325 1543 1412 1589 est.
1469 1542 1680 1590 Primum
1713 1547 1925 1589 omnium
1958 1539 2208 1590 affectuum

552 1607 1003 1654 commonendonim
1023 1607 1178 1655 laudes
1198 1606 1536 1668 finipliciten&
1557 1622 1823 1671 comparate
1839 1606 2211 1670 pra-dicabimus:

552 1670 704 1735 iisque
726 1674 1044 1735 eloquentiam
1065 1671 1171 1719 vere
1203 1677 1324 1736 regi,
1348 1672 1393 1716 ἕ(
1420 1672 1515 1718 suas
1531 1675 1646 1718 vires
1674 1688 1836 1718 omnes
1857 1669 2118 1717 diffundere
2137 1670 2210 1718 de·

556 1736 805 1783 monstrare
823 1738 974 1783 conati
996 1737 1147 1782 sumus
1166 1770 1176 1782 .
1223 1737 1348 1783 Cum
1369 1738 1532 1799 igitur,
1552 1735 1685 1783 huius
1715 1738 1894 1800 negotii
1925 1734 2173 1782 difficultas
2189 1735 2211 1780 Ξι

551 1805 937 1862 pronunciatione
955 1800 1247 1862 dependeat:
1267 1817 1535 1863 quanquam
1555 1799 1676 1846 certe
1697 1798 1808 1852 sunt,
1819 1797 2092 1861 semperque
2111 1800 2204 1845 fue·
2346 1838 2350 1866 ὲ

549 1868 639 1910 rint
655 1882 747 1910 non
764 1880 925 1927 parum
945 1866 1058 1911 nulli
1075 1868 1154 1927 qui
1171 1865 1261 1911 sese
1281 1866 1387 1910 huic
1406 1869 1598 1928 negotio
1615 1879 1886 1926 opponant,
1907 1863 2210 1910 nihilominus
2232 1889 2280 1937 H
2318 1890 2321 1891 ν
2346 1877 2349 1907 ,³

551 1945 657 1974 cum
677 1944 846 1992 magna
865 1946 924 1974 ex
943 1944 1070 1989 parte
1087 1928 1309 1975 traditum
1329 1927 1405 1974 fit.-
1424 1929 1614 1975 affectus
1633 1942 1803 1990 partim
1824 1926 2145 1992 magnitudine
2164 1945 2210 1973 re
2348 1923 2350 1938 ⁸

548 2009 666 2043 rum,
687 2007 856 2055 partim
881 1993 1132 2039 earundem
1150 1993 1388 2055 praesentia
1404 1994 1546 2039 oculis
1565 1991 1766 2039 subiecta
1784 1995 2004 2039 concitat-i
2020 2025 2031 2036 .
2071 1990 2210 2038 Nunc

272 2090 377 2126 Tota
396 2088 521 2125 ormo
551 2057 683 2103 altius
701 2060 851 2104 omnis
869 2075 928 2102 rei
945 2060 1198 2120 repetenda
1216 2057 1278 2103 est
1297 2060 1427 2103 ratio.
1466 2055 1592 2103 Nam
1615 2056 1660 2101 8<
1679 2073 1760 2118 per
1776 2070 1921 2102 totam
1940 2055 2209 2119 praedicatio

274 2139 459 2179 affectibus
550 2121 731 2172 neim&
749 2136 1011 2167 orationem
1030 2122 1158 2167 locus
1178 2121 1239 2167 est
1254 2119 1511 2167 affedhbus:
1535 2120 1580 2165 &
1598 2137 1756 2166 eoi-um
1775 2138 1868 2171 non
1886 2118 2086 2182 simplex
2102 2134 2211 2167 natu

273 2193 497 2248 spargenda.
553 2202 708 2237 ra,iiec
724 2188 771 2231 in
791 2183 978 2231 tranlitu
993 2185 1246 2235 malianda,
1266 2201 1361 2247 quo
1378 2185 1493 2230 nihil
1512 2188 1657 2230 maius
1681 2182 1846 2231 afferre
1870 2188 1934 2230 vis
1950 2183 2113 2230 orandi
2130 2200 2210 2247 po—

552 2249 662 2295 test.
706 2248 832 2299 Nam
855 2264 1014 2296 caetera
1034 2247 1222 2296 forfitan
1246 2252 1395 2294 tenuis
1411 2246 1605 2311 quoque
1626 2248 1673 2294 &
1688 2248 1876 2312 angusta
1897 2247 1926 2294 fi
1957 2248 2117 2300 modo,
2137 2249 2208 2295 vel

550 2313 755 2359 doc'trina
773 2314 845 2359 'vel
867 2313 943 2359 vsu
960 2329 1178 2377 generare
1193 2345 1206 2365 ‚
1227 2326 1367 2375 atque
1386 2312 1444 2359 ad
1462 2312 1593 2375 fruge
1611 2314 1765 2375 aliqua
1784 2313 2036 2374 perducere
2053 2326 2195 2374 queat

554 2375 764 2423 Affeftus
782 2381 919 2439 igitur
935 2380 1191 2424 concitatos
1210 2410 1221 2429 ‚
1240 2375 1383 2439 atque
1412 2376 1693 2438 compositos
1712 2377 2012 2423 elle—dicimus
2032 2413 2040 2422 .
2059 2380 2206 2439 Atqui

547 2445 709 2505 quartis
725 2441 882 2486 rhetor
896 2456 977 2504 per
990 2456 1130 2487 totius
1145 2441 1286 2487 causae
1304 2456 1466 2502 corpus
1498 2440 1676 2504 aspergi
1695 2441 1886 2487 aflectus
1903 2472 1914 2491 ,
1938 2438 2206 2502 vbicunque
2254 2461 2278 2509 Ι

548 2510 610 2551 rei
634 2506 910 2568 magnitudo
926 2505 1227 2567 postulauerit
1243 2537 1254 2556 ,
1275 2508 1539 2566 praecipiat:
1559 2504 1648 2551 hoc
1666 2519 1824 2551 tamen
1845 2504 2055 2566 lingulati
2072 2519 2187 2551 ratio

549 2587 606 2614 ne
625 2568 682 2616 ad
713 2568 842 2615 verbi
870 2568 1359 2620 Deibuccinatorem‚
1384 2568 1432 2613 ὅ(
1462 2568 1695 2615 rhetorem
1728 2567 2041 2614 Christianum
2074 2571 2208 2630 perti-

545 2648 654 2679 net:
676 2636 801 2679 cuius
815 2637 1096 2696 praecipuum
1118 2649 1289 2678 munus
1310 2635 1465 2694 potius
1491 2637 1537 2678 in
1557 2633 1816 2683 mouendis,
1833 2648 1970 2694 quam
1993 2631 2209 2679 docendis

250 2679 256 2747 i
531 2699 806 2780 'auditorem
821 2700 988 2744 animis
1005 2695 1207 2759 positum
1226 2696 1312 2742 est.
1351 2695 1477 2742 Cum
1510 2696 1725 2742 homines
1745 2700 1892 2759 magis
1909 2711 2077 2758 pecent
2096 2696 2206 2743 affe-

249 2757 382 2826 }'Quid
409 2776 448 2815 fit
464 2765 617 2856 ρῇῦἃυ
642 2761 1019 2825 ςοττυρῑο,(]υὲῐη
1038 2764 1298 2825 ignorantia
1315 2764 1424 2808 veri.
1465 2759 1677 2808 Affectus
1695 2760 1854 2824 itaque
1875 2761 1938 2807 est
1953 2777 2092 2807 animi
2110 2776 2211 2822 per-

247 2820 400 2866 ffccius.
521 2825 746 3018 ‘turbatio
763 2823 907 2889 atque
922 2826 1092 2888 passio,
1112 2841 1211 2888 quae
1228 2840 1382 2871 rerum
1402 2827 1675 2887 qualitatem
1698 2824 1972 2871 &naturam
1995 2824 2212 2887 sequitur,

545 2888 706 2952 vtpote
741 2907 944 2940 moeror,
982 2890 1210 2954 gaudium
1231 2922 1242 2941 ,
1285 2889 1620 2938 misericordia,
1644 2892 1705 2935 ira
1725 2921 1735 2939 ,
1763 2906 1918 2939 artior,
1955 2889 2145 2933 odium.

1991 2979 2032 3023 A
2044 2974 2101 3022 ffe
2111 2980 2204 3023 &us
