2352 3528
520 184 656 252 204
1073 156 1428 237 Rhetoricae
1441 145 1768 266 Chfflanae

518 273 764 336 Uimina
777 302 883 353 quae
896 283 1048 334 inuisa
1064 287 1208 349 magis
1219 283 1453 333 fructuosa
1467 286 1674 335 existunt
1685 323 1698 335 .

2327 188 2332 234 l

828 398 842 403 ,,
2330 335 2335 414 ἰ

648 419 851 470 vraediaa
876 417 1132 474 illustrantur
1150 417 1430 482 percensendis
1452 419 1654 482 exemplis
1675 422 1949 479 aduentus&
1963 424 2059 472 viu
2333 422 2337 489 l

778 484 1074 546 Religioforum
1086 489 1156 546 qui
1165 481 1290 538 fidem
1305 486 1467 529 Domini
1479 483 1599 540 nostri
1614 485 1699 543 lefiae
1723 486 1867 542 christi
1876 505 1927 535 a·
2333 491 2338 540 ὲ

872 550 986 612 apud
1001 551 1120 596 Indos
1128 558 1416 611 propagarunt
1429 582 1440 594 .
1522 557 1621 613 Cap.
1690 559 1833 600 XXII.
1914 546 1924 551 ⁶
2335 546 2339 623 ι

2336 637 2342 722 l

2339 728 2342 791 1

2339 796 2344 893 l

634 678 677 727 C
683 692 774 726 atet
789 676 997 725 Historia
1027 692 1165 727 nouae
1179 675 1418 742 Hispaniae
1439 676 1631 742 totiusqj
1650 683 1764 727 noui
1778 681 1902 729 orbis
1917 681 2076 730 multi's
2090 698 2193 730 erro
2219 697 2270 747 G
2343 671 2350 674 .

647 743 775 790 ribus
793 746 841 790 ὃ(
860 741 1042 791 mendis
1058 775 1070 795 ‚
1087 743 1490 807 quemadmodum
1504 775 1517 796 ,
1536 747 1722 793 volente
1734 744 1846 793 Deo
1859 778 1874 800 ,
1889 745 2027 795 breui
2045 751 2190 795 mani-

649 807 767 854 festa
779 806 862 855 fiet
875 823 939 854 ex
953 812 1176 873 mea‚qu{i
1191 808 1367 854 diuinis
1380 807 1594 874 auspicijs
1607 811 1654 856 in
1669 811 1774 857 luce
1790 810 1929 864 dabo,
1943 812 2189 876 praesertim

525 874 574 920 in
587 890 635 920 re
649 877 694 920 tfi
709 873 1001 920 memorabili
1016 871 1108 938 atq5
1124 872 1335 938 praeclara
1359 874 1642 921 couerfionis
1667 875 1801 921 illorfi
1816 892 1900 940 per
1921 877 2131 924 aduentu
2146 879 2192 925 ὃ(

521 940 571 987 in
580 933 961 987 defessoslabores
972 940 1237 1003 religiosori'i
1251 936 1394 985 nostri
1406 939 1581 987 ordinis
1605 942 1689 1004 qui
1705 939 1908 988 summos
1919 940 2097 988 fruetus
2108 957 2195 1004 pro

527 1004 766 1052 duxerunt
782 1006 828 1050 in
844 1005 916 1050 illa
934 1020 1058 1050 noua
1074 1001 1269 1052 Ecclesia
1282 1005 1414 1051 cuius
1435 1003 1518 1068 ipsi
1535 1004 1728 1052 fuerunt
1741 1005 2022 1052 institutores
2036 1042 2047 1052 .
2082 1006 2187 1053 No-

525 1070 604 1116 lim
620 1070 872 1134 deprimere
886 1067 1655 1133 magnanimitatem-Romanorum
1672 1072 1755 1135 qui
1780 1084 1942 1134 aperto
1965 1069 2125 1118 Marte
2148 1071 2195 1118 &

531 1137 701 1182 virtute
716 1133 879 1182 bellica
892 1148 960 1180 tot
973 1136 1252 1198 prouinciaS,
1269 1135 1318 1182 δε
1333 1136 1544 1199 potentia
1559 1150 1698 1199 regna
1712 1137 1761 1180 in
1776 1134 1992 1182 ordinem
2006 1135 2193 1199 redege-

245 1213 504 1267 Cortefijlaus
528 1213 638 1246 runt
651 1198 788 1263 seque
802 1199 966 1246 domiti
981 1198 1360 1264 orbigprincipes
1378 1200 1426 1247 &
1449 1199 1720 1248 monarchas
1741 1199 2066 1247 reddiderunt.
2105 1199 2197 1247 Sed

231 1270 281 1337 ,ἃ
295 1270 494 1322 religioso*
530 1263 784 1312 maioribus
799 1265 1040 1327 praeconijs
1056 1263 1276 1328 nouacjue
1291 1264 1517 1311 maiestate
1535 1262 1785 1311 verborum
1800 1262 2035 1312 efferenda
2050 1264 2191 1311 estin·

244 1334 333 1413 ’ἔξω
346 1325 441 1363 “Oui
458 1338 503 1363 or
525 1330 677 1377 audita
694 1327 921 1376 fortitudo
937 1325 1215 1377 Ferdinandi
1233 1328 1426 1386 Cortefij
1457 1329 1790 1392 &religiosorfi
1813 1334 1897 1393 qui
1923 1345 2073 1376 nouos
2098 1329 2197 1376 illos
2224 1338 2275 1390 H

275 1388 318 1416 ¹⁸·
528 1394 662 1442 orbes
674 1394 909 1441 adierunt.
947 1393 1143 1441 Certum
1156 1392 1345 1457 nanque
1360 1393 1676 1445 est‚neminem
1690 1390 1828 1440 fuisse
1841 1395 1996 1440 animo
2010 1408 2100 1440 tam
2117 1409 2196 1441 ex-

531 1459 648 1509 celso
660 1491 672 1511 ,
695 1460 780 1522 qui
792 1474 884 1506 tam
899 1458 1096 1507 arduum
1112 1467 1357 1524 negotium
1374 1458 1550 1505 subiret
1562 1471 1641 1504 aut
1653 1459 1729 1506 cui
1743 1462 1930 1522 integrfi
1946 1454 2104 1506 suisset
2128 1474 2198 1503 ea-

534 1525 638 1573 dem
657 1524 883 1571 celeri'tate
897 1523 1115 1588 perficere
1131 1561 1141 1572 .
1166 1524 1306 1571 Adde
1322 1539 1487 1587 magna
1503 1525 1748 1571 commoda
1764 1540 1857 1586 que
1872 1540 1955 1587 per
1969 1521 2202 1588 quoslibet

535 1591 629 1637 dies
641 1606 720 1653 per
741 1589 1057 1653 religiososibi
1073 1590 1316 1636 aeduntur.
1352 1586 1459 1634 Fuit
1470 1603 1622 1634 autem
1641 1587 1687 1634 id
1702 1590 1880 1640 aetum,
1901 1586 1993 1634 fiue
2018 1567 2224 1693 magni-l

533 1654 743 1702 tudinem
761 1653 931 1718 Γρεᾶες
945 1686 957 1706 ,
977 1653 1068 1701 flue
1083 1655 1359 1701 celeritatem
1375 1685 1386 1705 ‚
1406 1654 1610 1698 maxime
1625 1654 1866 1699 heroicum
1881 1690 1891 1700 .
1933 1653 2117 1699 Notum
2133 1650 2199 1698 est

535 1736 592 1767 ex
606 1717 803 1777 historijs
821 1720 976 1765 multis
989 1724 1118 1764 annis
1132 1751 1142 1770 ,
1166 1719 1214 1765 &
1231 1716 1360 1781 quasi
1379 1717 1546 1764 saeculis
1563 1716 1837 1780 interpositis
1855 1718 1902 1764 δε
1918 1733 2021 1763 cum
2038 1698 2222 1821 euitati[

538 1785 955 1848 onepe'riculoruin
968 1784 1152 1831 tandem
1167 1785 1431 1846 prouincias
1449 1783 1496 1829 δε
1516 1797 1653 1846 regna
1666 1778 1906 1828 inuafisse.
1947 1781 2126 1828 Verum
2144 1783 2195 1827 il-

535 1850 566 1895 li
583 1852 668 1895 viri
684 1847 950 1912 Apostolici
963 1849 1108 1895 ductu
1125 1849 1256 1894 Almi
1272 1847 1452 1911 spiritus
1472 1847 1495 1892 ii
1511 1864 1609 1911 quo
1622 1844 2005 1911 gubernabantur
2017 1864 2114 1894 non
2129 1862 2196 1893 re-

534 1930 622 1979 gna
637 1913 880 1960 dumtaxat
897 1914 944 1960 &
957 1915 1223 1976 prouincias
1237 1944 1248 1964 ,
1267 1928 1428 1958 verum
1444 1927 1593 1959 nouos
1617 1909 1751 1957 orbes
1765 1914 1811 1956 in
1826 1910 2097 1973 potestatem
2111 1929 2192 1956 no-

536 1995 641 2026 uam
657 1975 879 2042 redegisse
894 2016 905 2026 .
941 1977 1132 2025 Deinde
1148 1977 1262 2024 faeta
1275 1978 1522 2024 collatione
1536 1979 1650 2024 eori'i
1665 2007 1677 2028 ,
1694 1992 1799 2040 quae
1815 1975 2020 2023 Romani
2045 1974 2196 2040 posse·
2225 1985 2247 2036 1

537 2046 704 2092 derunt
719 2075 730 2095 ‚
749 2059 852 2089 cum
868 2059 918 2089 ea
932 2057 1058 2107 parte
1072 2042 1314 2091 Indiarum
1331 2071 1345 2094 ‚
1359 2057 1463 2106 quae
1480 2044 1528 2087 in
1554 2040 1728 2089 nostras
1749 2056 1911 2088 manus
1938 2044 2088 2088 venit:
2103 2040 2196 2088 haec

538 2108 734 2155 infinitis
748 2105 952 2171 partibus
969 2109 1165 2171 amplior
1180 2106 1242 2154 est
1262 2145 1271 2155 .
1314 2106 1549 2162 Caeterum
1563 2138 1575 2158 ‚
1592 2106 1708 2154 nolo
1724 2104 1801 2152 hic
1816 2104 1957 2152 verba
1980 2105 2125 2153 facere
2139 2106 2193 2152 de

536 2174 725 2239 priuatis
737 2174 921 2220 illorum
936 2172 1155 2220 laudibus
1169 2188 1283 2235 quas
1299 2184 1573 2218 meruerunt
1585 2202 1596 2222 ,
1615 2169 1645 2216 fi
1658 2171 1867 2222 animum
1881 2171 2122 2218 aduertere
2139 2185 2196 2216 ve

537 2243 672 2286 limus
684 2269 696 2289 ,
719 2251 769 2284 vt
782 2253 959 2301 equum
976 2236 1040 2284 est
1052 2235 1109 2284 fle
1118 2239 1152 2283 ri
1166 2267 1178 2288 ‚
1196 2236 1328 2301 quod
1343 2233 1472 2300 quasi
1486 2250 1615 2282 extra
1628 2235 1671 2282 se
1685 2234 1823 2299 pofiti
1835 2266 1849 2287 ,
1870 2236 1917 2283 &
1932 2237 2080 2281 &nino
2094 2251 2193 2299 rap-

537 2307 570 2351 ti
582 2303 639 2349 ad
652 2302 903 2366 spiritualia
921 2303 968 2349 δε
994 2302 1154 2349 diuina
1168 2332 1178 2351 ‚
1196 2303 1339 2365 patria
1353 2329 1366 2350 ‚
1381 2314 1589 2364 patentes
1603 2331 1614 2351 ‚
1631 2302 1804 2347 amicos
1817 2331 1828 2351 ,
1847 2314 2088 2364 cognatos,
2104 2298 2194 2345 fra-

539 2384 625 2417 tres
640 2401 651 2420 ,
676 2368 722 2412 &
738 2369 894 2413 omnia
911 2368 1082 2431 quaein
1097 2368 1189 2413 vita
1203 2365 1332 2414 chara
1345 2365 1449 2411 sunt
1465 2363 1742 2416 deserentes,
1761 2381 1892 2412 cruce
1908 2396 1919 2415 ,
1935 2365 2010 2411 sua
2027 2365 2191 2411 volun-

537 2446 623 2481 tate
638 2429 845 2495 suscepta
860 2464 871 2483 ‚
886 2448 969 2495 per
981 2447 1103 2477 mare
1120 2464 1131 2484 ‚
1148 2447 1230 2494 per
1242 2445 1375 2478 terras
1392 2461 1402 2480 ,
1422 2445 1528 2475 cum
1544 2428 1728 2475 summis
1742 2430 1955 2492 periculis
1980 2444 2189 2476 cucurre-

536 2512 656 2551 runt,
673 2497 834 2543 deuoti
851 2508 1034 2559 penitus
1052 2497 1099 2542 ὅ(
1113 2494 1354 2543 consecrati
1370 2495 1530 2540 diuino
1545 2494 1757 2541 cultui&
1770 2493 1973 2556 publicae
1989 2495 2190 2545 vtilitati‚

534 2564 668 2627 quod
691 2577 833 2626 opm,
855 2561 887 2608 fi
902 2560 1492 2624 recognoscaturintentius
1516 2556 1756 2621 apparebit
1771 2557 2024 2606 linedubio
2039 2559 2061 2604 Ξι
2088 2556 2194 2605 Deo

533 2626 1085 2690 profestum,examinatis
1098 2622 1343 2672 effectibus
1358 2622 1738 2685 prodigiofis‚qui
1762 2624 2038 2687 consequuti
2062 2623 2189 2670 sunt.
2206 2668 2209 2677 ,
2224 2629 2273 2679 K

534 2693 758 2757 Ni'iquarn
784 2692 910 2737 enim
937 2689 1148 2736 auditum
1163 2687 1434 2751 lectumque
1450 2688 1512 2734 est
1526 2686 1547 2732 ὰ
1563 2702 1653 2734 tam
1668 2691 1826 2748 paucis
1843 2703 2016 2735 tantam
2031 2683 2209 2733 multi-¹

531 2759 738 2805 tudinem
756 2757 849 2819 pari
866 2753 1115 2800 constantia
1130 2751 1343 2808 adfidem
1362 2750 1621 2800 Christian5
1639 2748 1728 2798 effe
1754 2754 1998 2816 pellectam
2011 2784 2024 2804 ‚
2042 2753 2109 2798 vti
2122 2751 2191 2797 cle

529 2823 695 2868 mentia
709 2819 802 2866 Dei
818 2819 945 2884 apud
961 2817 1104 2865 Indos
1117 2818 1287 2865 sanstum
1304 2816 1386 2866 est.
1425 2817 1691 2879 Quotquot
1704 2819 1933 2864 exercitus
1950 2817 2085 2863 duces
2099 2801 2210 2861 ειη-1

526 2904 566 2934 te
581 2887 662 2933 hac
679 2886 872 2932 fuerunt
889 2889 992 2947 (pro
1009 2898 1059 2930 ut
1072 2883 1242 2946 scriptis
1259 2882 1501 2946 proditum
1516 2879 1595 2939 est)
1612 2878 1785 2927 fiducia
1812 2878 2043 2927 numerofi
2068 2882 2187 2925 mili-

524 2967 583 2998 tes
601 2965 803 2998 cruentas
817 2948 980 3011 strages
1007 2947 1256 2995 ediderunt
1271 2982 1281 2992 .
1321 2946 1409 2994 Sed
1425 2949 1571 3009 optim
1581 2961 1629 2990 us
1643 2943 1716 2991 hic
1747 2944 1982 3005 C-ortcfius
1997 2945 2115 3008 spem
2134 2917 2206 3031 mi

502 3029 513 3076 Ι
893 3041 897 3044 ’
2077 3027 2185 3075 Deo

1772 3101 2270 3117 Μ,

255 2081 353 2120 Vera
361 2081 506 2126 Christi

242 2133 426 2192 ,sequela--
