2352 3528
438 134 443 136 ‚
603 135 611 138 ’
747 145 1263 244 Parssecunda:
1636 144 1822 236 v131

124 204 300 361 'tine-ns
332 268 555 316 inculcari
587 267 741 334 potest
765 300 778 322 ,
806 269 977 318 scilicet
1001 302 1014 324 ,
1049 268 1108 317 de
1148 284 1296 318 morte
1338 271 1530 320 Socratis
1554 304 1570 320 .
1625 273 1700 324 De
1733 292 1833 341 quo

144 333 287 380 fertur
298 363 311 386 ‚
330 330 466 397 quod
478 333 640 384 solitus
654 336 765 382 vitia
780 333 1151 383 Athenienfium
1162 368 1175 389 ,
1198 338 1245 385 ὃς
1261 338 1455 402 quidem
1472 339 1748 387 summatum
1762 357 1834 389 car

125 415 252 462 »pere
265 433 276 444 .
317 399 512 460 Anytus
526 400 722 466 quidam
737 399 866 448 diues
879 399 1022 465 ipfius
1035 399 1249 449 libertate
1264 400 1481 455 offensus,
1505 404 1831 469 &ignominie

139 466 245 511 loco
258 461 436 512 habens
449 464 508 512 ab
522 483 578 513 eo
591 467 737 513 taxari
753 484 764 511 :
780 468 830 511 in
843 467 1102 513 multorum
1115 466 1346 514 inuidiam
1362 500 1375 520 ,
1395 468 1443 515 &
1457 467 1621 515 odium
1640 486 1747 517 eum
1760 473 1831 516 in-

138 527 291 579 duxit,
309 546 515 594 quorum
535 546 654 578 vnus
666 529 758 577 fuit
774 530 992 594 Melytus
1010 563 1021 584 ,
1036 531 1059 578 εὶ
1074 548 1174 595 quo
1188 532 1474 598 praeposterae
1499 550 1604 581 cum
1619 534 1831 584 masculis
1857 545 2023 588 Socratis
2045 564 2116 593 ac.

134 594 346 644 libidinis
355 596 587 644 accusatus
602 595 689 644 est.
730 597 830 655 Alij
847 600 989 644 trium
1005 595 1139 646 fuiffe
1153 613 1288 646 reum
1299 597 1560 653 affirmant,
1578 600 1748 661 Anyti,
1769 618 1829 649 ex
1852 598 2005 642 suffles·

134 675 262 725 parte
274 662 492 709 omnium
505 660 711 726 ciuium!‚
729 659 936 724 Lyconis
948 665 1154 718 oratoris,
1170 665 1363 711 nomine
1379 680 1629 718 oratorum,
1652 666 1700 712 δε
1715 665 1829 714 Me-

131 727 220 788 lyti
235 727 393 790 poe'tae
405 742 491 791 pro
504 725 729 774 omnibus
743 728 899 793 poetis
911 764 922 776 .
957 726 1015 775 In
1033 730 1252 777 omnium
1267 732 1393 777 enim
1422 733 1614 778 crimina
1637 728 1731 778 fine
1746 747 1825 779 ex-

49 793 88 843 B
133 795 352 856 ceptione
366 790 683 840 inuehebatur
697 793 897 841 Socrates
908 825 920 847 ,
942 793 992 841 &
1007 811 1170 841 eorum
1185 792 1316 842 Deos
1330 795 1679 845 contemnebat.
1700 795 1825 844 Inno

131 853 412 920 cens'itacjue
423 871 652 906 accusatus
664 890 676 910 ‚
696 859 746 904 in
771 860 959 907 vincula
975 862 1213 907 comestus
1226 893 1238 913 ,
1258 861 1471 907 &morte
1499 863 1720 908 multatus
1735 860 1821 910 est.

132 919 318 969 Videns
333 926 423 970 iam
435 922 640 971 Socrates
656 922 700 970 se
714 925 763 969 in
778 924 916 970 rebus
930 923 1131 971 aduersis
1142 923 1201 972 ab
1217 926 1373 972 amicis
1389 940 1507 989 quos
1531 925 1772 984 beneficijs
1782 926 1833 973 af

130 985 299 1036 fecerat
311 986 483 1040 deseri,
504 989 552 1035 δε
567 989 848 1052 impugnari,
864 988 924 1035 ab
939 989 1036 1047 alijs
1053 988 1165 1037 vero
1178 1022 1191 1042 ,
1211 989 1423 1055 aquibus
1439 992 1615 1037 nullam
1631 992 1824 1039 salutem

131 1051 429 1118 expec‘tabat‚
447 1054 598 1100 iuuari
613 1056 847 1118 cotempta
862 1067 1009 1101 morte
1023 1056 1144 1102 nulli
1158 1072 1257 1104 non
1271 1054 1518 1102 formidata
1533 1057 1731 1105 cicutam
1748 1074 1823 1103 eo-

133 1118 239 1168 dem
251 1115 407 1166 ebibit
422 1119 564 1166 vultu
577 1150 590 1170 ‚
607 1134 707 1183 quo
723 1119 886 1165 vinum
914 1118 1031 1173 solet
1045 1148 1057 1170 ‚
1072 1118 1373 1184 moriensque
1402 1120 1461 1168 de
1485 1123 1826 1168 immortalitate

128 1185 394 1232 animorum
410 1185 618 1231 oratione
636 1183 742 1230 vsus
758 1183 821 1230 est
834 1185 1189 1249 elegantissima.
1240 1185 1460 1250 Populus
1490 1186 1600 1234 vero
1626 1203 1826 1237 mortem

130 1250 229 1298 eius
244 1252 306 1296 ita
322 1248 501 1301 doluit,
519 1262 571 1296 vt
585 1251 802 1296 omnium
817 1249 1165 1313 disciplinarum
1181 1250 1354 1298 scholas
1370 1250 1525 1298 claudi
1550 1250 1755 1300 iuberet.
1774 1252 1845 1316 B.v

128 1328 285 1363 autem
302 1312 594 1378 Augustinus
608 1316 904 1378 compactum
919 1313 1053 1362 fuiffe
1068 1317 1117 1362 in
1135 1317 1319 1364 vincula
1337 1315 1451 1363 dicit
1478 1317 1547 1377 (in
1563 1315 1645 1366 lib.
1665 1318 1720 1365 de
1736 1320 1826 1364 ciui
1841 1301 1917 1393 ἐκ·
1931 1312 2057 1362 ¹²²0?oe

130 1394 221 1428 tate
236 1378 351 1438 Dei)
370 1378 432 1425 ob
451 1378 769 1444 conscriptum
783 1379 841 1427 de
853 1378 991 1427 rebus
1004 1379 1204 1443 diuinis&
1222 1378 1416 1444 vnocjue
1431 1379 1531 1427 solo
1545 1384 1742 1428 numine
1756 1384 1826 1430 col
1881 1367 2046 1397 ‘'erm“

53 1447 96 1497 C
132 1445 276 1493 lendo
290 1444 524 1495 libellum,
538 1443 586 1491 δε
600 1461 700 1491 eam
716 1442 990 1492 sententiam
1004 1444 1061 1492 ad
1077 1460 1344 1493 extremum
1361 1442 1509 1509 vscjue
1522 1445 1732 1509 spiritum
1748 1445 1825 1495 de*

129 1506 346 1562 fendisse,
361 1511 482 1558 mori
496 1510 669 1557 malens
683 1525 923 1559 venenum
938 1507 1218 1558 obbibendo
1232 1543 1245 1564 ‚
1264 1527 1408 1577 quam
1423 1522 1577 1574 captos
1595 1510 1826 1560 erroribus

133 1575 407 1624 crassissimis
422 1574 494 1633 {de
508 1572 785 1622 adoratione
807 1573 1107 1623 infinitorum
1130 1573 1347 1624 Deorum
1361 1607 1373 1629 ‚
1395 1575 1443 1622 δε
1460 1591 1566 1622 cum
1581 1577 1825 1624 intellectu

129 1640 330 1691 naturali
344 1637 672 1704 pugnantibus
683 1642 809 1688 ciues
822 1640 1086 1704 relinquere
1099 1678 1109 1689 .
1149 1638 1380 1688 Eusebius
1394 1639 1668 1688 damnatum
1687 1639 1714 1687 s
1710 1637 1825 1689 uisse

132 1702 305 1754 asserit:
322 1704 457 1770 quod
471 1702 529 1751 de
543 1702 644 1763 Dijs
659 1705 776 1751 male
790 1704 999 1754 sentiret.
1020 1704 1242 1753 Tandem
1262 1704 1568 1753 Athenienses
1580 1703 1741 1753 amiffo
1756 1710 1824 1754 ta-

132 1786 181 1820 to
203 1771 400 1819 ciuitatis
414 1781 693 1817 ornamento
706 1801 719 1822 ‚
740 1770 789 1816 &
803 1769 993 1818 decore:
1009 1785 1206 1818 mortem
1222 1772 1317 1818 eius
1333 1784 1427 1818 tam
1444 1770 1638 1835 indigne
1652 1773 1824 1820 tuleri'it

135 1850 185 1884 vt
195 1835 473 1885 accusatores
486 1835 598 1886 eius,
616 1836 785 1899 partin-i
797 1848 947 1882 morte
960 1866 972 1886 ,
988 1838 1153 1901 partim
1166 1836 1311 1882 exilio
1325 1837 1562 1900 punirent,
1574 1837 1622 1883 ὃς
1636 1835 1721 1899 ipsi
1737 1836 1818 1886 80.

137 1905 244 1951 crati
261 1900 452 1949 statuam
465 1915 637 1948 oeream
652 1898 924 1949 dedicarent
936 1916 987 1948 vt
998 1901 1231 1968 prolixius
1249 1914 1396 1950 narrat
1409 1898 1652 1966 Diogenes
1667 1900 1815 1951 Laert.

262 2033 533 2099 Prosequitur
545 2043 601 2091 ὠ*
613 2037 894 2084 accommoda
893 2036 1085 2098 superius
1096 2034 1328 2098 exemplum
1339 2034 1548 2096 probando
1572 2048 1682 2084 mor-

399 2108 494 2163 ⁸tem
507 2103 601 2149 viro
614 2100 714 2150 bono
727 2103 888 2150 minime
893 2100 1197 2161 formidandam
1209 2136 1221 2150 .
1291 2108 1399 2166 Gap.
1467 2105 1524 2150 ν.

301 2297 407 2345 dam
421 2329 434 2351 ‚
457 2300 614 2348 minus
638 2312 795 2348 autem
817 2304 867 2349 in
895 2298 1022 2348 iussu
1047 2300 1329 2347 dominantis
1354 2298 1477 2347 illius
1499 2300 1549 2344 in
1573 2295 1712 2345 nobis
1725 2295 1819 2343 Dei
1846 2315 2047 2356 miclanda.

295 2361 493 2429 *fibiipfi
507 2366 842 2414 consciendurn
855 2397 869 2419 ,
896 2364 1296 2430 quemadmodum
1323 2360 1568 2411 Socrates&
1585 2363 1679 2409 vita
1703 2360 1819 2420 abijt

135 2432 221 2494 qui
233 2427 448 2495 praefidio
458 2432 732 2495 integritatis
753 2433 1048 2479 mortiferum
1061 2429 1288 2496 poculum
1310 2425 1461 2475 hausit
1484 2425 1817 2492 Philosophice

135 2496 295 2559 potius
308 2493 453 2558 quam
469 2494 734 2544 Christiane
749 2534 760 2545 .
775 2494 956 2546 Virum
969 2498 1096 2544 enim
1109 2498 1242 2561 pium
1258 2494 1451 2542 dccetin
1465 2494 1682 2540 aerumnis
1699 2494 1747 2539 ὃ(
1762 2491 1816 2539 ad
1845 2498 2098 2564 SofratesPhi

139 2557 592 2609 uerfitatibuslocare
605 2565 735 2627 spem
749 2563 800 2611 in
813 2561 949 2615 Deo,
970 2561 1088 2610 &ad
1103 2562 1202 2608 eius
1224 2561 1513 2609 voluntatem
1539 2559 1750 2604 animum
1770 2558 1816 2602 ὃ(
1840 2551 2037 2624 ῙφῐοΡῙΝξθ
2050 2566 2100 2604 po

136 2637 344 2673 mentem
358 2624 677 2675 conformare.
712 2627 837 2674 Nam
857 2643 963 2675 cum
979 2640 1142 2692 praeter
1165 2641 1291 2677 eam,
1306 2640 1396 2671 nec
1420 2623 1589 2671 folium
1617 2622 1811 2685 quidem
1840 2616 2077 2696 ἓῖζὶἱὲὶξζῗ

136 2688 308 2738 arboris
318 2692 503 2738 moueri
517 2704 641 2739 certo
656 2695 817 2740 certius
830 2691 885 2739 fit
897 2724 908 2745 ‚
924 2692 1078 2740 multo
1091 2692 1246 2739 minus
1257 2688 1412 2753 affligi
1421 2705 1506 2734 nos
1529 2686 1692 2735 creden
1702 2684 1814 2732 dum
1842 2722 2020 2752 mortum
2030 2709 2092 2750 est.

137 2753 202 2803 est
214 2752 301 2802 nifi
313 2756 411 2803 eius
423 2755 647 2820 permissu
659 2788 673 2810 ‚
697 2758 746 2804 δε
761 2755 854 2804 fine
869 2772 1040 2821 magno
1055 2755 1215 2805 nostro
1228 2754 1386 2807 bono,
1424 2751 1484 2800 Id
1497 2753 1623 2799 enim
1648 2749 1760 2797 Deo
1772 2748 1816 2797 fa

135 2821 309 2868 miliare
322 2819 409 2875 est,
427 2819 759 2870 calamitatibus
777 2823 1149 2871 &incommodis
1161 2837 1372 2871 exercere
1384 2820 1489 2867 suos
1503 2837 1513 2865 :
1527 2817 1586 2865 ad
1610 2820 1815 2882 reporta-

137 2883 253 2934 dum
266 2886 442 2934 maiora
453 2884 582 2934 bona
594 2921 605 2933 .
639 2883 712 2934 Ex
725 2887 883 2935 eadem
895 2885 1093 2935 infertur
1105 2887 1380 2938 narratione,
1396 2883 1549 2932 bonos
1562 2883 1586 2931 ὲ
1597 2883 1724 2931 malis
1737 2898 1830 2969 pert
1843 2895 1941 2935 Man
1972 2898 2099 2938 bono·

140 2950 476 3018 sequutionem
487 2948 664 3017 semper
679 2952 888 3000 tollerare
902 2990 913 3001 .
950 2949 1123 3016 Netjue
1136 2953 1265 3000 enim
1278 2949 1558 3016 putandum,
1576 2963 1628 2997 vt
1641 2949 1817 3013 precla-
1842 2949 2092 3004 persequitur

1521 3039 1568 3086 re
1587 3026 1635 3089 B.
1648 3024 1834 3106 Augu-l

1593 3110 2133 3126 mmm-*W*

50 2237 99 2287 D
144 2267 264 2408 E
283 2227 390 2280 Lici
413 2228 527 2281 hinc
558 2229 709 2299 potest
729 2266 742 2288 ‚
773 2247 975 2283 mortem
1000 2249 1096 2282 non
1126 2231 1222 2282 effe
1262 2233 1368 2282 viro
1397 2229 1530 2280 bono
1561 2228 1819 2304 formidat».
1847 2262 2022 2301 Morsn6
2035 2261 2095 2303 sor

56 2884 93 2936 E
