2352 3528
249 152 263 626 1
555 152 632 213 26
643 176 678 214 0
778 247 781 249 Β
1046 133 1379 227 Κῇεῐονκσξε,
1413 153 1771 259 Chrssstmm

548 271 747 322 baemec
766 289 838 318 ros
856 306 867 324 ‚
890 291 974 320 nec
988 278 1143 328 pluuia
1161 280 1343 324 veniant
1361 279 1494 341 super
1514 272 1782 340 vosrfieque
1807 276 1892 322 fine
1921 283 2034 342 Agri
2061 295 2201 341 primi
2339 240 2343 342 1

553 339 716 382 tiarum
734 369 746 388 ‚
765 339 874 399 quia
889 337 952 385 ibi
974 340 1177 388 abicc‘tus
1199 341 1261 388 est
1276 343 1464 404 clypeus
1481 334 1672 387 fortium
1689 376 1699 386 .
1735 341 1856 387 Item
1876 342 1977 388 Ber.
1997 341 2110 389 Ecce
2129 361 2202 389 co-
2340 377 2344 411 l

553 417 648 445 rain
669 401 914 446 tremendo
944 402 1105 449 Iudice
1120 419 1381 466 peccatores
1407 405 1642 453 assistimus
1662 424 1673 451 ε
1694 408 1818 451 cuius
1834 421 1996 452 manus
2023 407 2202 454 terrib'i-
2233 447 2238 452 ,

554 464 634 510 lis:
657 464 865 528 gladium
881 468 951 512 irae
967 468 1053 513 suae
1071 468 1232 520 vibrat,
1254 469 1500 535 supernos.
1523 468 1576 516 Et
1592 473 1696 533 quis
1717 483 1892 516 auertet
1908 485 2024 516 eam.
2042 468 2204 518 Nemo
2341 445 2345 490 1

551 527 838 575 dominatam
858 530 1081 578 idoneus:
1111 544 1161 578 vt
1177 532 1336 596 gladio
1354 532 1738 589 domini-obiiciat
1755 548 1962 579 manum:
1979 547 2028 579 vt
2047 549 2096 580 tu
2109 534 2204 583 Dei
2342 526 2344 552 ¹

531 555 863 666 'amantissima
884 605 993 656 'sper
1006 609 1146 657 quam
1164 599 1363 658 primum
1392 601 1440 644 in
1454 604 1577 646 terris
1593 595 1866 660 suscepimus
1899 597 2202 644 misericordia
2341 553 2345 655 1

256 627 402 702 isuper.
417 656 537 705 {¹¹53st
552 656 609 702 de
629 672 769 702 manu
789 656 982 703 domini.
1006 658 1082 705 Sic
1099 658 1237 708 &illa
1252 694 1264 713 ,
1286 662 1437 723 Apud·
1455 661 1647 708 Petrum
1676 661 1980 708 Damianum'.
1996 660 2121 707 Hinc
2136 661 2203 709 fra
2341 659 2352 735 1

2342 748 2346 780 l

2341 817 2346 888 l

2343 947 2346 967 l

253 693 371 779 {liber
387 720 499 758 gene.
549 737 637 768 tres
657 739 667 765 τ
686 721 793 766 hinc
811 736 920 782 crgo
940 722 1237 784 perpendite:
1255 727 1422 787 quibus
1438 724 1650 772 laudibus
1668 725 1808 789 digna
1826 722 2037 772 fitsseata
2059 725 2105 769 ὅ(
2124 726 2204 789 glo

549 784 661 830 riosa
681 788 808 847 virgo
846 784 1001 833 NIaria
1019 806 1030 832 :
1048 803 1148 850 quae
1180 788 1310 834 illum
1332 787 1577 835 castissimis
1604 788 1684 834 suis
1705 787 1952 835 visceribus
1982 788 2114 836 nobis
2130 795 2218 905 ξιτ-1

549 852 674 893 nuit:
695 865 786 909 que
806 866 884 895 nos
906 849 962 894 dc
977 864 1072 896 tam
1091 851 1327 913 profundo
1344 868 1527 917 gutture
1543 851 1783 899 auidissimi
1799 852 2004 898 draconis
2024 856 2205 915 eripuit.

552 910 631 957 Ad
649 929 741 957 eius
759 928 941 975 nanque
963 913 1106 978 digna·
1125 915 1408 962 efferendam
1426 918 1643 979 preconia
1662 933 1757 962 non
1789 916 2125 962 rhetoricorum
2141 918 2202 963 di·

550 976 660 1022 serta
678 975 918 1023 facundia:
937 995 1030 1024 non
1050 978 1395 1025 dialecticorum
1414 980 1596 1026 subtilia
1614 994 1884 1043 argumenta
1906 996 2029 1024 :non
2044 981 2200 1027 acutis-

549 1038 657 1086 sima
672 1040 1065 1102 philosophorum
1087 1058 1193 1105 apta
1226 1047 1725 1107 reperiunturingenia.
1744 1043 1800 1090 Et
1817 1043 1929 1107 quid
1957 1047 2122 1090 mirum
2141 1054 2154 1090 Ξ
2172 1044 2201 1091 si
2342 1067 2347 1099 l

548 1104 633 1165 hec
649 1102 895 1152 ineffabilis
916 1107 1045 1168 virgo
1064 1109 1108 1152 in
1126 1108 1210 1152 suis
1229 1108 1443 1155 laudibus
1462 1108 1655 1154 modum
1679 1108 1894 1154 humana:
1911 1109 2028 1153 vocis
2049 1124 2201 1172 exupe
2310 1143 2314 1147 -
2342 1106 2349 1175 1

545 1183 613 1215 rat
631 1187 640 1215 τ
659 1183 804 1230 quum
827 1170 974 1232 ipsum
995 1172 1185 1217 humani
1201 1177 1379 1234 generis
1413 1186 1623 1219 naturam
1653 1173 1988 1218 excellentium
2017 1178 2202 1220 merito·
2342 1176 2349 1244 1

242 1236 250 1296 1
542 1250 642 1278 rum
660 1234 889 1296 dignitate
912 1235 1216 1280 transcendat.
2090 1284 2092 1286 ,
2342 1248 2347 1307 1

243 1299 471 1351 *Epimene-
603 1295 976 1358 Epiphonemate
994 1297 1189 1360 quoque
1217 1298 1594 1361 praedicatoribus
1621 1298 1854 1346 interdum
1884 1298 2107 1348 Vtendum
2139 1302 2200 1349 est
2225 1325 2265 1373 C
2344 1343 2350 1363 ,

260 1366 335 1393 ma.
538 1361 641 1423 post
657 1378 805 1407 rerum
831 1364 1201 1424 expositionem:
1222 1378 1270 1409 vt
1294 1363 1557 1428 Grego.ille
1575 1363 1778 1411 Nazian.
1797 1369 1842 1410 in
1858 1364 2052 1411 laudibu
2069 1367 2213 1413 Atlial

538 1424 645 1481 nafij
664 1425 764 1487 post
795 1428 1071 1488 exemplum
1092 1426 1196 1479 Iob,
1218 1426 1265 1472 &
1283 1428 1565 1475 calamitates
1585 1426 1820 1490 copiofius
1837 1431 2087 1490 explicatas
2110 1463 2122 1482 ,
2153 1431 2198 1475 3<

537 1489 759 1534 iudicium
779 1489 871 1536 Dei
891 1489 981 1536 hoc
999 1490 1364 1552 epiphonemate
1401 1492 1650 1539 concludit.
1667 1491 1780 1539 Haec
1800 1494 2192 1540 vulnerummedi'-

537 1552 747 1613 cina‚liec
765 1558 1020 1600 certaminis
1037 1571 1219 1607 corona,
1231 1555 1318 1602 hoc
1335 1559 1558 1619 patientie
1572 1561 1816 1619 premium.
1972 1593 1975 1596 .

257 1612 471 1652 Dubitatio.
601 1616 849 1664 Dubitatio
868 1619 930 1665 est
949 1652 960 1671 ‚
981 1635 1085 1664 cum
1105 1618 1368 1667 simulamus
1383 1637 1585 1683 quaerere
1606 1637 1689 1666 nos
1711 1621 1834 1667 vnde
1861 1620 2193 1682 incipiendum,

533 1680 612 1727 vbi
628 1681 931 1728 desinendum
950 1702 960 1726 τ
979 1682 1093 1745 quid
1125 1684 1414 1746 potissimum
1447 1684 1695 1731 dicendum
1716 1716 1726 1735 ‚
1745 1703 1801 1731 an
1827 1690 2021 1731 omnino
2042 1685 2189 1732 dicen—

532 1745 644 1791 dum
680 1745 756 1794 fit:
778 1746 909 1809 quod
938 1746 1124 1794 schema
1159 1748 1482 1795 incredibilem
1501 1752 1703 1796 veritatis
1729 1747 1871 1795 fidem
1892 1748 2049 1795 affert.
2100 1750 2193 1797 Pro

535 1810 720 1856 Cluent.
741 1810 960 1873 equidem
979 1811 1109 1874 quod
1139 1812 1197 1858 ad
1213 1829 1287 1857 me
1305 1816 1468 1860 attinet
1484 1844 1494 1863 ‚
1515 1827 1610 1875 quo
1625 1829 1702 1859 me
1735 1827 1912 1860 vertam
1928 1813 2096 1859 nescio:
2116 1832 2192 1861 ne-

527 1891 632 1938 gem
650 1872 780 1920 fuisse
810 1876 1048 1921 infamiam
1066 1875 1222 1933 iudicii
1241 1892 1441 1939 corrupti
1459 1886 1472 1922 Ξ
1492 1893 1661 1941 negem
1687 1878 1818 1924 illam
1849 1894 1946 1923 rem
1967 1880 2190 1941 agitatam
2213 1899 2259 1949 D

528 1944 575 1985 in
603 1938 905 1986 concionibus
937 1942 1152 1986 iaCtatain
1182 1944 1228 1986 in
1247 1941 1896 1998 iudici1s3commemoratam
1926 1946 1973 1988 in
2007 1942 2195 1989 senatu?

526 2004 725 2049 euellam
747 2006 985 2050 exanimis
1002 2003 1246 2049 hominum
1281 2020 1457 2053 tantam
1480 2009 1748 2067 opinionem
1769 2015 1782 2051 Ξ
1800 2021 1894 2053 tam
1928 2008 2107 2068 penitus
2123 2009 2188 2052 in-

508 2066 654 2116 ditam
676 2077 689 2113 Ξ
712 2082 804 2114 tam
823 2069 1044 2115 vetustam
1067 2078 1081 2113 Ξ
1103 2069 1149 2113 ὃ(
1166 2068 1279 2132 quid
1297 2085 1431 2133 agam
1451 2070 1642 2116 iudices?
1659 2086 1754 2132 quo
1770 2068 2070 2116 accusationis
2087 2087 2190 2132 mee

522 2136 744 2178 rationem
769 2132 1004 2179 conferam
1023 2141 1037 2177 ἒ
1057 2148 1151 2194 quo
1172 2149 1246 2179 me
1265 2149 1438 2180 vertam
1457 2143 1471 2179 ?
1488 2133 1850 2180 Dubitationem
1869 2133 2087 2181 adhibuit
2105 2135 2189 2182 Ba-

525 2194 584 2240 sil.
602 2200 647 2241 in
663 2196 939 2242 temulentos
962 2197 1255 2258 ,Qomodo
1287 2200 1330 2243 in
1350 2196 1417 2243 his
1435 2197 1570 2244 rebus
1602 2214 1678 2243 me
1699 2213 1855 2260 geram
1874 2201 1889 2245 3
1906 2197 1936 2244 fi
1973 2197 2020 2243 ὃς
2041 2201 2187 2245 oratio

520 2262 692 2305 inutilis
714 2259 776 2305 est
792 2293 803 2311 ‚
830 2260 875 2305 Sc
895 2259 1119 2307 silentium
1137 2260 1434 2308 difficultates
1450 2263 1617 2309 multas
1635 2261 2001 2308 &incommoda
2021 2261 2185 2309 habet?

521 2323 811 2388 diligentiam
830 2324 876 2368 ὃ(
897 2341 1051 2370 curam
1070 2327 1341 2371 omittemus
1359 2334 1372 2369 ἓ
1393 2340 1438 2372 at
1456 2326 1715 2388 pei-iculum
1735 2325 1881 2373 habet
1912 2326 2183 2388 negligetia:

516 2405 635 2433 anm
659 2387 806 2434 ebrios
834 2387 1013 2451 aliquid
1033 2388 1227 2452 loquar?
1259 2405 1305 2437 at
1331 2404 1521 2436 mortuis
1551 2389 1738 2436 auribus
1757 2391 2032 2437 insonamus,
2063 2390 2184 2437 Item

514 2451 576 2497 D.
596 2452 727 2516 Greg
748 2452 804 2498 de
826 2451 1185 2515 MagdalQiid
1203 2457 1344 2518 igitur
1355 2469 1577 2500 miramur
1592 2452 1767 2501 fratres?
1787 2453 1996 2500 Mariam
2011 2456 2180 2500 venien
2213 2469 2247 2518 Ε
2267 2512 2270 2517 ¹

514 2530 688 2568 tem‚an
708 2515 1290 2578 dominumsuscipientem
1309 2526 1322 2562 ἒ
1339 2516 1658 2580 suscipientem
1680 2517 1848 2569 dicam,
1870 2535 1929 2564 an
1946 2516 2180 2565 trahente?

512 2579 678 2626 Dicam
712 2582 874 2625 melius
894 2579 1154 2627 trahentem
1171 2613 1184 2633 ‚
1208 2581 1256 2627 ὃς
1275 2581 1591 2644 suscipientem
1611 2616 1622 2628 .
1642 2582 1714 2628 Ita
1748 2584 1951 2628 oratorio
1971 2580 2180 2642 quodam

511 2644 654 2690 modo
693 2642 911 2691 adliiben’
925 2643 1078 2707 potest
1099 2643 1195 2706 'hec
1217 2644 1392 2710 figura,
1420 2644 1468 2690 &
1486 2645 1611 2692 valet
1643 2645 1701 2692 ad
1719 2644 2012 2696 docendum,
2035 2644 2184 2708 atque

506 2708 564 2754 ad
584 2708 922 2755 delectandum.

569 2771 952 2820 Communicatio
973 2771 1159 2824 est,eum
1180 2787 1259 2821 aut
1278 2772 1398 2836 ipsos
1419 2771 1702 2821 aduersarios
1718 2773 2012 2825 consulimus,
2031 2788 2081 2820 vt
2095 2772 2180 2819 Do

198 2789 342 3048 ls'mo'
504 2838 649 2884 mitius
673 2837 789 2884 Afer
804 2853 888 2900 pro
907 2835 1164 2885 Cloanti'lla
1184 2871 1195 2883 .
1229 2841 1300 2886 At
1316 2837 1394 2885 illa
1420 2837 1559 2884 nescit
1586 2838 1763 2900 trepida
1784 2838 1898 2899 quid
1930 2839 2071 2883 liceat
2090 2835 2181 2881 soe-

211 2731 466 2794 f'Communi-

502 2906 647 2953 niinae,
666 2901 781 2964 quid
798 2904 1049 2961 coniugem
1069 2901 1234 2948 deceat
1253 2901 1394 2948 :forte
1413 2918 1496 2949 vos
1511 2904 1556 2947 in
1573 2902 1650 2948 illa
1682 2903 1972 2948 solicitudine
2014 2898 2190 2973 obui033

2053 2990 2179 3035 casus
