2352 3528
486 168 507 208 1
531 170 558 223 3
1052 138 1388 221 ‘Rhetorica
1410 132 1752 209 Christiana

214 270 419 313 Sentmitiae
437 230 653 314 astabunt
669 266 760 312 hoc
775 251 1114 311 exercitiun'i‘in
1129 262 1360 326 exemplis
1376 274 1553 308 tantum
1570 261 1724 307 locum
1754 260 1922 308 habere
1939 298 1948 308 .
1989 266 2060 309 At
2084 262 2114 307 fi
2130 261 2175 304 re

215 330 471 377 groucrbmco
486 333 607 378 reita
625 334 798 377 ratione
813 328 1083 374 aestimemus
1100 327 1343 391 apparebit
1358 324 1481 371 idem
1498 327 1545 370 in
1561 325 1659 381 abis
1674 326 1908 381 sententiis
1927 330 1972 374 8<
1991 339 2182 390 prouer-

215 380 311 454 dener
324 380 469 468 ¹¹79d⁰s
481 376 578 457 {biis
594 411 695 460 qure
715 395 771 440 ad
785 396 933 439 multa
949 410 978 455 q
993 391 1187 438 uadrant
1200 387 1300 437 fieri
1315 387 1468 453 posse.
1513 390 1630 450 Qua
1644 402 1834 452 propter
1848 388 1948 436 satis
1962 395 2045 437 erit
2058 422 2069 440 ‚
2093 389 2181 435 col-

217 443 478 534 ἱζαῇἒιζοᾞζ
493 463 640 509 locare
657 459 833 522 singula
848 491 857 509 ‚
881 475 935 504 eo
952 457 1119 501 ordine
1134 487 1145 506 ‚
1165 471 1264 518 quo
1278 454 1336 500 ab
1349 453 1620 501 auctoribus
1635 471 1654 498 a
1676 452 1852 514 quxbu's
1878 457 2025 515 petita
2051 453 2158 499 sunt
2171 482 2182 501 >

220 536 269 574 do
282 537 462 587 ext-mpla.
496 527 792 588 accipiuntur
807 554 817 573 ‚
839 535 916 567 aut
933 519 962 566 fi
977 519 1094 566 libet
1107 550 1118 570 ,
1135 514 1376 582 possumus
1392 522 1439 564 in
1456 534 1506 564 ea
1522 535 1567 564 re
1583 519 1605 564 a
1623 517 1756 563 nobis
1786 517 2032 564 consilium
2059 530 2183 581 pete·

499 609 543 637 re
561 587 855 636 obseruando
877 587 923 632 in
940 582 1132 630 transitu
1146 581 1201 628 ad
1217 598 1360 646 quam
1376 578 1555 629 classem
1568 581 1862 646 potissimum
1888 582 2182 628 referendum
2215 587 2254 637 p

507 648 878 711 videatur:1·dcjue
892 648 1111 695 adnotare
1125 682 1136 693 .
1172 646 1229 692 In
1249 647 1524 704 testimomjs
1546 646 1657 695 vero
1672 678 1685 697 ‚
1708 647 1755 693 ὃς
1771 646 2006 705 sententiis
2025 647 2185 708 vulga·

505 719 641 769 ribus,
664 715 740 762 etsi
760 732 854 759 non
872 715 953 760 erit
972 712 1139 759 inutile
1157 709 1334 774 singula
1346 712 1682 775 particulariter
1699 711 1918 758 euoluere
1935 714 2002 758 vti
2018 713 2066 756 in
2080 712 2192 756 exe-

505 787 615 847 plis:
637 795 796 827 verum
817 794 877 823 ez
893 793 1048 823 earum
1068 777 1200 839 copia
1215 776 1360 820 nimia
1374 775 1611 839 prolixitas
1635 777 1905 821 exoriretur
1921 775 1952 821 fi
1969 774 2193 823 huiusmo

508 848 551 893 di
569 856 814 891 occurrant
832 840 1108 906 prouerbia,
1128 854 1233 902 quae
1250 841 1435 898 materie
1458 838 1670 903 praesenti
1692 855 1792 885 non
1821 838 1907 886 fint
1932 854 2191 886 accommo-

512 908 761 973 da‚possint
777 922 927 953 tamen
946 909 993 953 in
1009 903 1247 969 posterum
1264 903 1363 950 vsui
1380 900 1469 949 esse
1486 935 1498 955 ‚
1516 916 1740 967 poterunt
1754 906 1936 954 omitti,
1956 903 2134 967 semper
2147 919 2193 948 e-⁴

511 977 605 1020 nim
623 990 681 1018 ex
697 971 870 1018 assidua
885 973 1088 1017 lectione
1103 966 1294 1014 abunde
1322 966 1607 1032 suppetunt.
1646 966 1868 1014 Naturale
1895 972 2034 1015 etiam
2062 982 2194 1014 accu-
2247 990 2257 992 ff

511 1056 613 1085 men
631 1038 829 1082 multum
846 1034 1029 1098 prodest
1044 1033 1099 1080 ad
1114 1047 1299 1079 omnem
1317 1035 1554 1079 materiam
1568 1062 1580 1083 ‚
1597 1047 1702 1095 quae
1716 1032 1882 1095 scripto
1896 1032 1972 1078 vel
1989 1034 2197 1078 oratione

512 1100 788 1166 explicanda
803 1100 863 1146 est
878 1136 888 1145 .
929 1097 1009 1144 Ad
1026 1113 1167 1161 quam
1185 1113 1278 1142 rem
1294 1114 1392 1143 non
1411 1096 1588 1159 semper
1605 1098 1774 1159 exepla
1787 1095 1959 1143 idonea
1975 1096 2082 1143 sunt
2095 1109 2201 1159 quae

512 1169 685 1212 nullam
711 1167 806 1210 vim
822 1162 1000 1210 habent
1014 1162 1035 1207 εὶ
1051 1160 1188 1207 nobis
1203 1160 1449 1208 oscitanter
1472 1174 1733 1223 excogitata
1745 1192 1758 1212 ‚
1777 1159 1862 1207 nifi
1876 1162 2077 1208 lectione
2093 1191 2105 1212 ,
2120 1175 2200 1204 au·

233 1237 349 1275 Doeh
366 1235 384 1275 εἰ
404 1236 492 1275 Deo
515 1229 1011 1283 ditu,visu,1ntelleetu
1026 1258 1036 1278 ‚
1052 1240 1133 1272 aut
1149 1225 1450 1288 inspiratione
1463 1224 1625 1271 diuina
1636 1237 1853 1288 percepta
1867 1225 2042 1271 fuerint
2058 1260 2068 1271 .
2086 1223 2204 1270 Plus

233 1291 398 1346 thtffr
423 1303 493 1340 ΡΓΟ
516 1299 644 1342 enim
670 1292 908 1356 cognoscit
923 1306 1101 1343 anima,
1124 1291 1172 1336 8<
1188 1287 1812 1342 discitinmeditationibuS,
1834 1286 2201 1339 &orationibus‚

234 1345 383 1382 mmm·
522 1361 569 1406 ὃ(
622 1356 716 1404 uasi
729 1359 854 1404 sacro
875 1355 1056 1402 silentio
1071 1385 1082 1405 ‚
1101 1353 1298 1418 quando
1311 1371 1416 1401 cum
1430 1352 1540 1400 Deo
1558 1352 1698 1399 veluti
1713 1355 2045 1405 communicat,
2097 1352 2208 1400 uam

519 1377 884 1470 nudalestione:
900 1434 950 1468 vt
964 1420 1067 1465 vult
1083 1417 1270 1466 Gerson
1294 1420 1419 1465 tract.
1438 1436 1483 1476 7.
1499 1417 1637 1480 super
1669 1415 1805 1465 Cant.
1834 1416 1888 1464 B.
1903 1415 2042 1482 Virg.
2062 1369 2112 1464 ἓ(
2130 1415 2188 1463 ad

520 1488 707 1535 ducitur
721 1485 745 1532 εὶ
760 1485 939 1532 Ioanne
958 1484 1222 1546 Altenstaig
1238 1483 1285 1527 in
1301 1483 1386 1528 suo
1399 1479 1699 1529 vocabulario
1726 1480 1879 1528 Theo.
1898 1480 1927 1528 fi
1943 1499 2042 1528 non
2059 1495 2213 1528 comes

522 1550 709 1598 affuerit
723 1551 919 1597 deuotio
934 1581 945 1602 ,
965 1564 1070 1612 quae
1083 1549 1191 1611 pius
1206 1545 1269 1592 est
1287 1547 1333 1593 ἃ
1350 1545 1542 1593 humilis
1559 1542 1765 1595 affectus,
1781 1562 1874 1608 qua
1894 1548 2062 1594 comite
2075 1558 2207 1609 pote.

523 1619 580 1663 rit
595 1615 651 1662 ad
673 1615 993 1678 intelligentias
1004 1614 1224 1676 plurimas
1238 1610 1378 1658 euehi
1392 1643 1404 1663 ,
1422 1626 1533 1674 quas
1547 1626 1645 1655 non
1673 1607 1862 1656 habebit
1875 1611 1931 1657 de
1958 1611 2060 1674 lege
2088 1625 2213 1656 com·

244 1718 266 1757 3
353 1731 364 1741 ,
457 1721 465 1731 .
523 1686 660 1726 muni
679 1677 880 1743 simplex
898 1677 1193 1724 christianus.
1229 1673 1379 1722 Vnde
1396 1674 1535 1722 facilis
1551 1671 1603 1720 fit
1618 1672 1746 1719 sacrae
1761 1674 1990 1738 scriptura:
2005 1675 2214 1738 cognitio

245 1718 671 1813 tjffssacgfffstribus
685 1743 773 1790 sere
787 1743 958 1790 modis.
1000 1741 1122 1788 Iusta
1141 1741 1188 1787 &
1203 1739 1373 1787 idonea
1388 1739 1778 1803 interpraetatione
1794 1754 1951 1784 rerum
1980 1739 2027 1784 &
2046 1736 2212 1785 verbo-

247 1825 306 1861 tio
332 1805 476 1875 quilfus
512 1794 628 1856 3rum
645 1840 656 1859 ‚
674 1807 828 1854 studio
845 1805 985 1869 atque
1005 1807 1242 1869 diligentia
1257 1835 1270 1856 ,
1288 1820 1381 1866 que
1413 1802 1617 1851 confistit
1632 1803 1680 1848 in
1706 1803 1939 1852 lectione,
1953 1801 2236 1849 meditatio--

248 1880 377 1933 [nodis
391 1892 467 1917 non
513 1851 601 1925 ine,
619 1872 905 1923 oratione‚&
924 1871 1283 1917 exercitatione.
1301 1867 1490 1914 Ordine
1503 1867 1714 1927 doctrine
1732 1867 1810 1914 seu
1828 1869 1900 1913 via
1914 1865 2115 1914 docendi
2129 1866 2217 1914 dis-

251 1931 371 1969 facilis
393 1933 473 1970 ‘fitfi
489 1958 501 1976 ³
515 1964 517 1970 ν
529 1934 760 1998 cendicjue
777 1938 952 1982 ratione
967 1933 1167 1998 quadam
1180 1930 1318 1994 atq'ue
1330 1931 1568 1983 methodo,
1590 1945 1639 1976 vt
1650 1932 1794 1995 paulo
1815 1931 2007 1979 inferius
2020 1929 2217 1996 patebit.

246 1980 449 2074 {Zdfiplana
468 1998 508 2021 e-
533 2002 712 2049 Poterit
725 1998 1034 2062 insuper‚talis
1051 1994 1140 2044 esse
1154 1999 1272 2044 vtilis
1287 1998 1334 2042 in
1351 1996 1584 2042 doctrina:
1601 2011 1693 2057 qua
1708 1993 1817 2043 fides
1831 1994 2133 2043 saluberrima
2148 1997 2219 2058 gi-

252 2049 510 2131 ,ῗάᾛςὲἓῖ
531 2069 689 2111 onitur
703 2096 715 2115 ,
733 2066 938 2109 nutritur
953 2093 964 2114 ,
981 2060 1276 2112 defenditur,
1294 2060 1540 2106 roboratur
1553 2094 1565 2108 .
1604 2058 1750 2105 Vtilis
1761 2074 1972 2123 preterea
1998 2058 2136 2122 (ficut
2149 2059 2220 2108 di-

495 2118 505 2129 ·
533 2135 595 2175 cit
611 2126 897 2192 Apostolus)
913 2126 970 2172 ad
983 2125 1276 2190 arguendum
1292 2162 1301 2171 .
1319 2123 1599 2187 Philosophi
1615 2121 1813 2188 quotjue
1830 2122 2074 2189 Theologi
2097 2122 2222 2172 deuo

529 2196 658 2239 tione
677 2205 880 2238 carentes
896 2189 1090 2237 sinistras
1104 2189 1160 2236 de
1175 2189 1443 2236 deuotionis
1458 2187 1676 2249 mysterijs
1693 2187 1945 2236 derisiones
1969 2187 2217 2236 intulerit.

534 2256 711 2305 Rursus
730 2282 745 2305 ‚
760 2257 818 2301 ita
840 2254 884 2301 se
898 2253 1074 2301 habent
1086 2251 1277 2301 affectus
1290 2251 1517 2316 perfectos
1536 2253 1582 2298 ἃ
1597 2253 1870 2301 humiliatos
1884 2256 1934 2300 in
1961 2251 2125 2301 Deum
2140 2282 2154 2305 ‚
2170 2264 2224 2298 vt

533 2333 771 2384 nequeant
786 2335 876 2366 vna
891 2321 1114 2365 veraciter
1128 2316 1219 2364 fine
1233 2321 1369 2364 altera
1382 2319 1585 2363 inueniri
1599 2352 1609 2363 .
1647 2315 1779 2365 Vide
1790 2319 1923 2367 latius
1938 2317 2222 2367 Gersonem.

247 2402 384 2440 Fortes
409 2402 444 2439 &
459 2396 523 2444 s3.'¹
535 2383 685 2431 Vnde
704 2386 843 2431 etiam
861 2384 1078 2447 scriptum
1098 2381 1183 2428 est:
1203 2380 1370 2427 Beatus
1385 2380 1529 2428 homo
1543 2397 1688 2444 quem
1703 2397 1757 2429 tu
1782 2383 2006 2429 erudieris
2019 2381 2219 2433 domine,

248 2467 394 2502 pientes
423 2453 511 2494 iacit
541 2451 588 2497 8(
605 2449 661 2495 de
676 2451 776 2510 lege
792 2462 868 2494 tua
884 2447 1096 2494 docueris
1111 2462 1222 2492 eum
1236 2480 1246 2490 .
1287 2444 1433 2491 Illum
1450 2445 1659 2492 erudiuit
1672 2446 1892 2494 dominus
1909 2477 1921 2498 ‚
1942 2446 1991 2492 &
2017 2444 2224 2494 eruditus

247 2509 406 2549 verbum
423 2506 510 2548 Dei.
522 2513 526 2533 ¹
538 2514 623 2565 est,
641 2513 803 2561 docuit
820 2527 926 2557 eum
955 2511 1002 2556 ὃ(
1018 2511 1183 2557 doetus
1197 2507 1285 2555 est:
1308 2508 1356 2555 8<
1374 2512 1435 2555 ita
1450 2509 1615 2555 doetus
1631 2509 1679 2556 &
1695 2509 1871 2574 sapiens
1884 2507 2218 2562 est,vt‚re61um
2243 2529 2274 2577 S

540 2579 587 2625 8<
602 2576 724 2633 banse
740 2576 976 2623 sonantem
990 2575 1216 2638 loquatur
1229 2572 1482 2620 sermonem
1501 2607 1511 2617 .
1527 2572 1815 2621 Necmirum
1829 2587 1880 2620 vt
1893 2576 1955 2618 ait
1981 2571 2220 2637 Rupertus

537 2640 781 2707 quomodo
797 2641 923 2685 enim
939 2638 1132 2686 nesciret
1148 2639 1301 2701 loqui,
1321 2636 1415 2683 Cui
1429 2635 1562 2684 Deus
1574 2636 1724 2687 verbu
1739 2637 1875 2684 suum
1903 2639 2217 2685 communica-

538 2721 605 2753 uit
620 2707 723 2770 ‚qui
738 2704 882 2768 ipsam
900 2701 1031 2749 verbi
1047 2700 1340 2748 substantiam
1359 2701 1562 2765 gustauit
1576 2710 1590 2748 Ξ
1605 2702 1719 2752 Huc
1734 2703 1870 2749 etiam
1884 2701 2082 2764 quadrat
2107 2702 2215 2748 vul-

535 2770 818 2835 gatissimum
833 2799 845 2819 ,
864 2768 910 2814 ὅ(
926 2765 1333 2814 celebratissimum
1346 2764 1474 2829 apud
1488 2780 1663 2815 veteres
1680 2765 1917 2830 Pyragore
1936 2764 2219 2829 filentii'bqui

536 2841 583 2881 in
599 2849 650 2881 ea
666 2846 757 2882 erat
772 2832 1000 2897 opinione
1012 2830 1212 2879 tacendo
1230 2830 1277 2876 ὃ(
1291 2829 1595 2879 auscultando
1611 2828 1789 2896 optime
1808 2831 2009 2895 coparari
2023 2831 2215 2892 eloque-

537 2901 667 2945 tiam.
688 2895 954 2945 Rectissime
970 2893 1168 2959 proinde
1184 2896 1342 2957 inquit
1355 2892 1420 2942 D.·
1436 2896 1567 2958 Aug.
1585 2912 1647 2943 cx
1672 2897 1874 2943 lectione
1896 2894 2068 2944 multos
2092 2892 2215 2939 nasci

2023 2978 2214 3046 scrupu-
