2352 3528
528 182 547 222 ¹
569 174 605 224 6
1048 156 1387 245 ‘Rhetorica
1403 157 1734 257 Chrestianae

520 306 604 346 09.
626 288 773 351 vsque
785 286 842 333 ad
856 285 968 331 vers.
986 283 1228 345 Nunquid
1243 299 1464 347 iniquitas
1487 298 1526 342 3.
1557 283 1633 329 De
1645 281 2126 347 predestinationis,ae
2141 298 2210 330 re·

523 352 818 420 probationis
832 367 868 397 κ
908 364 1072 397 uitate.
1091 347 1262 412 Netjue
1278 345 1390 394 vero
1408 347 1873 412 predestinationem.
1893 349 1967 395 vel
1986 346 2208 412 reproba·

523 424 703 466 tionem
720 415 850 463 Deie
893 433 915 462 e
933 416 1100 478 iniqua
1154 413 1251 460 uod
1264 413 1377 460 alios
1391 414 1532 477 elegit
1547 444 1557 464 ,
1578 413 1690 460 alios
1704 430 1747 460 re
1787 412 1977 459 robautt
1995 429 2057 460 ex
2088 411 2211 460 iudae
2242 411 2292 461 D

527 501 562 532 is
580 484 627 530 &
645 479 867 546 gentibus
886 518 897 528 .
914 479 957 527 d.
988 430 1378 542 vers.ci³1unquid
1395 479 1618 542 iniquitas
1636 486 1650 523 Ξ
1671 428 1782 525 coci.²
1805 476 2063 540 Qiartade
2076 474 2208 524 causa

527 548 590 597 ob
606 563 747 613 quam
765 544 894 606 iudei
908 544 1079 591 fuerint
1098 541 1363 606 reprobati:
1379 544 1544 604 Qiam
1560 541 1717 590 statuit
1729 540 1968 607 duplicem
1990 580 2001 591 .
2044 537 2209 588 Vnam

529 616 805 680 primariam,
821 625 927 673 qux
941 607 1046 659 fuit,
1061 607 1195 672 quod
1211 602 1499 655 offenderint
1513 610 1562 653 in
1578 607 1781 672 lapidem
1797 603 2073 654 offensionis
2091 607 2135 654 8(
2150 622 2209 672 pe

531 695 644 727 tram
663 675 889 725 scandali,
906 672 1077 720 scilicet
1094 705 1105 724 ,
1123 689 1171 718 in
1188 670 1453 721 Christum.
1471 670 1582 721 vers.
1612 673 1754 737 Quid
1770 671 1881 736 ergo
1895 672 2106 719 dicemus
2122 680 2138 718 ἒ
2161 668 2218 716 vs

535 743 630 808 ciue
645 745 692 790 in
705 740 855 787 finem
870 776 879 786 .
899 754 934 785 c.
951 754 993 795 9.
1012 734 1064 784 Et
1081 738 1269 784 alteram
1285 737 1618 789 immediatam,
1634 737 1768 801 quod
1784 739 2021 816 propriam
2036 735 2209 786 iustitia

536 808 825 874 praetulerint
849 803 1033 850 iustitia:
1059 800 1152 848 Dei
1177 820 1189 847 ε
1217 801 1344 848 suam
1363 803 1581 849 iustitiam
1610 800 1896 866 usqueadeo
1913 802 2145 853 zelantes,
2164 816 2212 847 vt

540 871 780 922 Christum
795 870 997 933 recipere
1012 867 1254 914 noluerint
1268 903 1280 914 .
1296 865 1353 913 Id
1370 865 1481 914 vero
1497 867 1583 914 illis
1595 867 1760 928 accidit
1774 897 1786 918 ,
1803 865 1940 929 quod
1966 866 2210 913 emulatio·

538 955 644 986 nem
659 934 983 1001 quidemlegis
997 929 1272 983 habuerint,
1295 931 1481 980 sednon
1496 931 1755 979 secundum
1782 930 2021 978 scientiam
2044 949 2085 979 c.
2120 946 2134 978 i
2158 948 2187 977 o
2203 967 2212 977 .

466 1023 467 1026 ¹
535 1021 615 1069 per
629 1016 713 1051 tot.
730 1000 1029 1109 Qintagua
1046 999 1094 1043 in
1110 995 1254 1061 spetie
1270 995 1520 1061 respondet
1532 998 1736 1061 gentilifi
1752 993 2014 1044 obiectioni
2040 994 2211 1060 postre-

535 1085 647 1117 mae:
668 1080 873 1131 gentem,
884 1066 927 1109 vi
966 1063 1117 1112 dicet,
1138 1061 1366 1108 iudaicam
1381 1077 1574 1126 propter
1587 1060 1971 1124 reprobationem
2000 1064 2100 1108 eius
2115 1077 2214 1107 non
2253 1055 2288 1106 E

539 1131 628 1179 esse
646 1126 1060 1178 contemnendam:
1076 1122 1332 1190 ῐίιηι,(]υόἀ
1347 1129 1483 1173 multi
1499 1143 1558 1173 ex
1574 1126 1725 1189 iudeis
1745 1126 1920 1172 suerint
1936 1126 2154 1174 vocati&
2171 1142 2214 1175 e.-

536 1200 644 1246 lecti
658 1228 671 1249 ,
687 1198 810 1241 inter
827 1208 950 1257 quos
965 1190 1140 1240 Paulus
1157 1191 1206 1238 ὃ(
1223 1189 1267 1238 se
1286 1191 1334 1238 &
1347 1193 1461 1239 alios
1475 1207 1690 1239 numerat
1704 1190 1957 1254 discipulos
1975 1226 1985 1238 .
2004 1206 2036 1238 e.
2064 1205 2078 1237 ι
2097 1205 2110 1237 1
2136 1224 2147 1237 .
2168 1193 2215 1236 in

536 1266 685 1329 princ.
702 1257 791 1308 Etsi
806 1259 956 1305 maior
967 1272 1069 1322 pars
1085 1254 1334 1318 iudeorum
1350 1272 1577 1304 excaecata
1593 1255 1648 1303 fit
1661 1289 1676 1310 ,
1705 1252 1943 1320 reliquisse
1961 1271 2112 1303 tamen
2129 1252 2218 1302 fibi

538 1327 785 1375 dominum
802 1323 1065 1387 complures
1081 1322 1185 1385 ‚qui
1201 1321 1313 1367 salui
1328 1320 1520 1369 fierent.
1537 1338 1629 1370 ver.
1657 1337 1715 1369 an
1730 1321 1913 1368 nescitis
1965 1323 2041 1367 uia
2061 1324 2108 1366 in
2124 1316 2216 1366 Elia

537 1391 642 1440 eod.
675 1385 969 1454 Reprobatio
995 1385 1258 1433 iudaeorum
1275 1417 1288 1436 ‚
1304 1388 1517 1451 gentium
1534 1382 1675 1432 fuerit
1688 1385 1804 1432 salus
1819 1416 1832 1438 ‚
1849 1399 1899 1431 ac
1913 1337 1978 1432 <ib
1994 1384 2042 1432 id
2057 1386 2216 1431 metue

536 1458 650 1503 dum
666 1454 717 1501 sit
730 1451 955 1519 gentibus
968 1483 980 1504 ,
996 1467 1055 1498 ne
1077 1448 1222 1515 &ipsi
1240 1449 1500 1516 aliquando
1516 1450 1737 1498 excidant
1749 1484 1761 1496 .
1791 1448 1904 1497 vers.
1921 1447 2145 1514 nunquid
2158 1446 2218 1497 fic

537 1517 970 1569 offenderuntaeod.
988 1513 1068 1562 vbi
1085 1517 1147 1562 ait
1160 1547 1170 1566 ‚
1189 1530 1380 1580 propter
1397 1514 1771 1563 incredulitatem
1787 1513 1919 1560 fradh
1936 1513 2046 1563 sunt
2062 1546 2074 1566 ‚
2092 1528 2142 1562 tu
2157 1530 2214 1560 au

536 1603 630 1635 tem
646 1584 738 1631 side
755 1583 818 1632 sta
831 1615 843 1635 ‚
860 1583 958 1629 noli
973 1582 1116 1627 altum
1135 1579 1289 1644 sapere
1304 1611 1316 1632 ‚
1333 1580 1405 1628 sed
1420 1582 1544 1628 time.
1562 1579 1721 1642 Iudeis
1737 1581 1908 1626 caecitas
1925 1580 2001 1626 illa
2017 1595 2074 1626 ex
2089 1593 2216 1643 parte

535 1647 747 1702 tantum,
770 1649 817 1695 &
836 1646 894 1694 ad
907 1660 1092 1710 tempus
1109 1643 1327 1693 acciderit
1340 1676 1352 1697 ,
1372 1648 1418 1692 in
1437 1645 1674 1710 posterum
1692 1641 1805 1690 vero
1834 1642 2046 1690 futurum
2064 1676 2077 1695 ‚
2099 1659 2147 1689 vt
2161 1647 2214 1691 εὖ

533 1713 784 1781 plenitudo
802 1715 1040 1759 intrauerit
1054 1713 1283 1773 gentium,
1301 1709 1450 1756 saluus
1465 1705 1546 1758 fiat
1560 1712 1710 1756 omnis
1727 1708 1867 1756 Israe‘l
1888 1708 2009 1756 vers.
2027 1707 2101 1755 sed
2121 1708 2214 1755 &11
2245 1711 2278 1761 F

533 1780 612 1828 lili
629 1797 724 1826 non
744 1775 1103 1843 permanserint.
1121 1773 1615 1840 Incomprehensibilia
1633 1773 1718 1822 sint
1730 1773 1940 1821 humano
1962 1776 2126 1836 ,generi
2145 1776 2215 1818 iu-

531 1846 643 1894 ditia
660 1843 894 1908 sapientiae
912 1842 959 1887 &
975 1839 1174 1889 scient‘iae
1190 1838 1302 1891 Dei,
1325 1840 1372 1886 δι
1391 1838 1735 1904 inuestigabiles
1753 1842 1838 1885 viae
1857 1843 1979 1885 eius.
2001 1837 2110 1885 vers.
2126 1835 2154 1884 ὸ
2171 1838 2213 1884 al

528 1907 860 1971 titudo,vsque
877 1910 926 1952 in
940 1904 1084 1952 finem
1101 1920 1137 1952 c.
1163 1919 1176 1950 ι
1198 1920 1231 1953 ι.
1265 1901 1381 1951 Etin
1396 1904 1595 1969 psalmo,
1615 1904 1768 1952 suauis
1793 1904 1847 1950 sit
1871 1904 1938 1949 1‘111'
1958 1900 2213 1967 disputatio

529 1992 658 2023 mea:
678 1974 726 2020 &
741 1972 868 2036 apud
883 1970 1072 2019 Isaiam:
1099 1969 1148 2018 ἃ
1167 1971 1322 2019 venite
1341 1969 1389 2017 δ(
1404 1971 1582 2034 arguite
1595 1986 1670 2016 me
1683 2001 1696 2022 ,
1719 1969 1834 2017 dicit
1846 1967 2069 2016 dominus
2087 2004 2099 2017 .
2118 1966 2222 2014 Pos

530 2039 624 2087 sem
649 2038 741 2085 hoe
768 2053 814 2082 m
829 2037 935 2083 loco
949 2067 960 2088 ‚
976 2049 1238 2084 exterarum
1255 2037 1473 2083 omnium
1492 2035 1839 2099 disciplinarum
1855 2035 1971 2080 clara
1991 2033 2039 2079 &
2053 2049 2150 2080 non
2168 2033 2210 2078 le

531 2108 651 2152 uitet
663 2097 809 2168 pressa
823 2100 1013 2165 vestigia
1030 2097 1143 2161 (nisi
1160 2116 1230 2146 me
1243 2100 1300 2148 ad
1315 2099 1358 2148 se
1372 2103 1543 2147 maiora
1558 2116 1664 2163 quae
1688 2100 1860 2148 molior
1885 2100 2133 2156 vocarent)
2152 2113 2211 2144 ex

529 2169 703 2216 diuinis
720 2166 850 2214 libris
865 2164 1104 2212 ostendere
1119 2182 1131 2218 ς
1150 2179 1199 2210 vt
1212 2181 1274 2212 ex
1293 2163 1491 2212 Homeri
1507 2164 1638 2230 poesi
1660 2163 1937 2213 Strabonem
1953 2160 2105 2216 fecisse
2120 2164 2210 2224 legi

528 2250 628 2280 mus
641 2266 652 2284 ‚
675 2247 875 2279 attamen
892 2229 939 2275 id
955 2230 1101 2276 facere
1114 2231 1282 2276 omitto
1297 2228 1455 2281 Nam,
1475 2230 1582 2295 quis
1600 2247 1696 2276 non
1714 2229 1846 2276 videt
1858 2244 2001 2293 quam
2017 2226 2210 2290 freque-

527 2315 597 2345 ter
615 2297 916 2346 Geometrica
934 2295 1149 2346 inculcet,
1170 2307 1221 2341 vt
1235 2295 1281 2339 in
1296 2292 1529 2341 diuisione
1552 2309 1768 2359 agrorum
1787 2309 1916 2341 terra·
1939 2291 2209 2356 promissio-

531 2380 612 2415 nis,
635 2362 745 2408 &in
763 2359 1069 2406 fabricatione
1082 2374 1192 2406 arcae
1211 2359 1323 2406 &in
1337 2355 1597 2406 Ezechielis
1615 2360 1813 2423 templo?
1830 2360 1974 2417 Quin
1995 2358 2043 2404 6<
2063 2355 2203 2403 Arith
2239 2372 2285 2421 G

528 2431 692 2474 metica
709 2423 1189 2472 identideminfarcire
1209 2440 1307 2470 non
1323 2421 1483 2474 cessat,
1503 2439 1553 2469 vt
1568 2425 1616 2470 in
1645 2423 1869 2471 Numeris
1884 2456 1896 2476 ,
1931 2423 1979 2469 &
2004 2423 2207 2468 mixtim

529 2496 576 2541 in
593 2507 690 2539 tota
705 2489 926 2554 scriptura
940 2525 950 2536 .
972 2487 1077 2536 Nec
1091 2487 1151 2535 ab
1166 2486 1467 2535 Astronomia
1481 2486 1696 2535 abhorret
1714 2489 1862 2535 veluti
1881 2502 1986 2534 cum
2013 2487 2072 2533 de
2087 2483 2207 2550 figu-

527 2575 572 2604 ra
587 2558 694 2603 coeli
709 2582 724 2604 2
745 2556 793 2602 ὅ(
813 2554 871 2602 de
884 2556 984 2601 eius
997 2553 1252 2618 agitatione
1272 2554 1319 2600 &
1337 2554 1568 2616 vertigine
1583 2583 1595 2604 ,
1615 2552 1662 2599 &
1679 2551 1734 2601 de
1750 2568 1958 2616 quatuor
1973 2552 2081 2598 coeli
2109 2552 2208 2614 pla-

237 2636 472 2680 Rfiemfim
525 2638 592 2687 gis
610 2653 621 2673 ‚
643 2621 791 2667 sermo
809 2617 1080 2665 instituitur,
1098 2615 1371 2665 Rhetorices
1385 2633 1541 2663 autem
1556 2631 1825 2664 ornamenta
1840 2648 1853 2669 ,
1884 2618 1931 2664 δ(
1946 2613 2115 2680 figuras
2138 2615 2208 2663 di-

238 2705 471 2732 omamenu
525 2689 656 2733 cendi
675 2699 940 2733 numerare,
958 2681 1323 2744 relinquo,eiim
1338 2681 1460 2729 dicat
1490 2681 1542 2730 B.
1563 2680 1765 2745 August.
1792 2699 1839 2727 in
1872 2681 1953 2728 lib.
1975 2682 2032 2728 de
2060 2679 2201 2727 Dost.
2241 2715 2245 2729 2

236 2757 484 2795 fcvcffflmur
525 2749 673 2798 Chist.
703 2749 746 2797 se
762 2748 895 2794 facile
910 2746 1037 2810 posle
1052 2745 1291 2794 ostendere
1302 2748 1461 2793 omnia
1484 2761 1750 2793 ornamenta
1766 2747 1891 2793 illius
1905 2751 2010 2793 artis
2024 2751 2072 2791 in
2090 2745 2205 2809 scrip

238 2811 278 2837 m
302 2796 497 2848 scripturi·

204 2868 209 2901 3
236 2852 384 2892 iuuetis.

523 2831 637 2862 turis
650 2814 879 2861 inueniri.
912 2812 1010 2861 lam
1027 2809 1136 2859 vero
1153 2810 1208 2857 de
1219 2812 1531 2857 animantium
1547 2841 1559 2863 ‚
1579 2809 1800 2857 arborum
1817 2843 1830 2863 ,
1846 2811 2052 2876 lapidum
2069 2824 2180 2856 natu

523 2896 579 2927 ris
591 2911 603 2931 ‚
627 2879 746 2944 quid
761 2892 928 2926 attinet
943 2879 1095 2926 dicere
1110 2904 1126 2929 ‚
1141 2890 1246 2924 cum
1259 2873 1381 2924 nihil
1402 2878 1546 2941 magis
1559 2876 1833 2940 legentibus
1846 2876 2046 2925 obuium
2068 2873 2140 2921 sit?

2019 3035 2054 3074 D
2103 3026 2227 3082 libe—1
2315 3076 2317 3078 v
