2352 3528
514 162 668 246 ‘258
1032 162 1368 236 Rhetorica
1402 162 1759 260 Christtanae

535 284 584 330 lit
603 285 683 348 ipsi
702 286 1253 350 nosmetinterrogamus:
1273 289 1411 351 quale
1441 286 1630 335 estillud
1650 286 1989 334 Terentianum
2007 320 2019 339 ,
2054 290 2185 350 Qud

532 353 671 413 igitur
687 349 846 396 faciam
866 359 879 394 ?
899 349 999 410 Hec
1017 349 1160 415 figura
1177 353 1220 397 iii
1237 368 1518 415 quocunque
1535 349 1717 397 dicendi
1737 352 2182 414 genere,commode

533 412 936 474 adliiberipotest:
956 415 1031 460 sed
1048 416 1261 477 inprimis
1291 419 1512 463 conuenit
1541 414 1599 462 ad
1626 415 1997 478 perspicuitatem
2017 420 2186 462 oratio-

531 481 622 527 nis,
648 477 694 522 3<
711 478 768 524 ad
791 478 1053 524 docendum
1076 513 1088 525 .
1126 476 1178 525 Et
1192 494 1301 525 tunc
1320 479 1376 526 fic
1396 497 1447 526 ea
1469 483 1534 526 vti
1564 478 1725 525 licebit
1741 498 1752 532 ς
1770 480 1980 542 cogitatis
2000 478 2178 532 fratres,

516 542 761 587 interdum
785 559 864 587 vos
886 542 972 587 esse
991 543 1203 588 homines
1223 543 1279 590 ad
1294 545 1543 608 imaginem
1561 577 1571 595 ,
1595 543 1642 588 &
1659 541 2007 589 similitudinem
2029 542 2122 589 Dei
2142 543 2188 591 fa

501 577 626 894 ¹612„
650 609 885 669 ?cogitatis
902 638 912 655 ,
931 606 1140 669 sanguine
1156 606 1351 653 Domini
1368 608 1505 655 nostri
1523 607 1546 653 I
1566 625 1589 654 ε
1612 623 1627 652 s
1650 624 1678 653 v
1716 622 1743 654 c
1764 623 1792 652 ii
1816 622 1843 652 R
1865 621 1879 653 1
1903 623 1919 652 s
1939 626 1965 653 τ
1987 620 1999 652 1
2029 622 2109 653 vos
2126 607 2189 653 es-

532 670 571 714 se
589 669 871 731 redemptos?
894 669 1122 733 Cogitatis
1140 671 1253 732 quid
1270 687 1352 734 pro
1383 671 1514 718 vobis
1541 673 1585 716 in
1603 670 1878 717 sanctissimo
1910 669 2202 750 baptismatis}

532 733 838 784 sacramento,
862 734 1095 794 sponsores
1127 735 1257 780 vestri
1285 735 1483 798 polliciti
1503 732 1618 780 lint?
1638 734 1758 781 certe
1775 750 1926 780 rerum
1957 751 2257 816 omniumsR

531 813 641 859 quas
656 801 1042 849 commemoraui,
1068 815 1145 843 vos
1163 798 1334 846 oblitos
1351 796 1438 845 effe
1457 832 1470 851 ‚
1488 798 1710 861 quispiam
1726 795 1877 860 posset
1905 798 2202 850 existimarat

531 876 632 905 cuni
655 859 712 905 sic
743 864 920 911 viuatis,
943 878 990 909 vt
1005 879 1088 908 nec
1105 862 1372 926 dignitatem
1391 863 1590 910 hominis
1606 894 1618 914 ‚
1641 879 1724 909 nec
1755 861 1980 909 beneficia
1997 894 2009 914 ,
2030 878 2131 926 quae
2165 849 2204 918 a}

530 924 635 970 Deo
654 924 1126 986 accepistis,recordari
1159 926 1396 973 videmini.
2197 920 2204 1002 Ι

231 988 448 1043 ‚Subieffim
593 987 812 1036 Subiecto
829 988 904 1040 est,
927 1005 1030 1034 cum
1052 993 1385 1054 interrogamus
1415 991 1688 1039 aduersarios
1707 1023 1717 1041 ,
1737 1004 1815 1037 aut
1844 992 2078 1052 querimus
2105 988 2186 1053 ipfi

529 1052 585 1100 ab
604 1053 701 1101 illis,
721 1066 798 1098 aut
813 1052 927 1115 quid
945 1060 1098 1100 contra
1120 1072 1202 1101 nos
1219 1058 1305 1102 dici
1323 1055 1456 1118 possit
1475 1076 1485 1101 :
1503 1054 1673 1102 deinde
1705 1054 1966 1110 subiicimus
1996 1054 2043 1100 id
2058 1055 2188 1118 quod

528 1117 617 1163 dici
633 1131 833 1179 oportet,
858 1131 936 1162 aut
951 1120 1079 1179 quod
1096 1135 1190 1163 nori
1206 1134 1411 1182 oportet,
1430 1134 1509 1165 aut
1522 1119 1656 1166 nobis
1686 1119 1963 1165 adiumento
1979 1116 2184 1164 futurum

529 1180 593 1230 fit,
616 1196 694 1226 aut
710 1182 796 1226 illis
811 1179 1082 1226 obfuturum
1103 1183 1124 1225 ὲ
1141 1186 1368 1229 contrario
1386 1217 1397 1235 ,
1423 1183 1513 1230 hoc
1526 1186 1669 1229 modo
1689 1203 1700 1229 ε
1720 1185 1882 1243 Qiero
1912 1182 2047 1243 igitur
2065 1183 2185 1229 vnde

524 1245 604 1292 iste
621 1261 712 1291 tam
730 1245 1002 1305 pecuniosus
1034 1244 1083 1290 fit
1100 1244 1256 1293 factus.
1298 1249 1525 1310 Amplum
1547 1251 1878 1310 patrimonium
1897 1250 2035 1308 reliqu.
2050 1248 2078 1290 ὖ
2099 1246 2183 1292 est?

529 1313 594 1356 At
610 1313 747 1371 patris
769 1307 888 1356 bona
911 1316 1178 1355 venierunt.
1218 1309 1461 1371 Hereditas
1487 1313 1641 1374 aliqua
1658 1312 1856 1359 obuenit
1880 1320 2002 1356 ?non
2033 1311 2184 1372 potest
2220 1339 2248 1387 S

524 1373 708 1422 dici‚sed
726 1374 866 1418 etiam
882 1374 905 1418 ,ἦ
923 1374 1173 1431 iiecessariys
1190 1376 1404 1422 omnibus
1428 1376 1748 1422 exhaeredatus
1765 1375 1840 1425 est,
1866 1374 2101 1435 premium
2122 1376 2196 1421 alil

523 1437 648 1500 quod
673 1455 732 1483 ex
753 1439 841 1485 lite,
862 1451 940 1483 aut
958 1437 1128 1484 iudicio
1146 1443 1287 1501 coepit
1305 1442 1320 1485 3
1335 1451 1428 1485 no'n
1443 1440 1585 1486 modo
1605 1440 1653 1485 id
1673 1457 1765 1485 non
1781 1439 1891 1484 fecit
1906 1470 1917 1490 ,
1939 1439 2014 1485 scd
2035 1442 2178 1485 ctiam

521 1502 703 1564 insuper
718 1501 812 1563 ipse
828 1500 988 1564 grandi
1008 1501 1248 1565 sponsione
1267 1507 1407 1551 vistus
1428 1503 1500 1551 est.
1525 1502 1641 1568 Ergo
1665 1502 1694 1549 fi
1714 1503 1780 1549 his
1798 1503 2052 1549 rationibus
2074 1503 2180 1549 locu

519 1567 716 1628 pletatus
734 1582 825 1610 non
845 1565 906 1612 est
925 1584 935 1610 :
956 1581 1034 1611 aut
1048 1566 1116 1613 isti
1134 1566 1264 1612 domi
1281 1568 1475 1615 nascitur
1489 1580 1767 1620 aurum,aut‚
1788 1568 1908 1614 vnde
1929 1569 2098 1613 licitum
2115 1569 2178 1612 nc')

521 1629 583 1676 est
598 1632 811 1691 pecunias
828 1633 1016 1691 accepit.
1042 1631 1162 1676 Item
1181 1631 1258 1678 sed
1276 1649 1325 1680 vt
1340 1632 1398 1680 ad
1419 1649 1498 1679 vos
1518 1637 1782 1679 orationem
1815 1646 2082 1677 conuertam
2104 1631 2177 1678 Iu·

518 1693 616 1744 daei,
636 1693 751 1755 quid
769 1710 848 1740 vos
865 1708 960 1741 tam
981 1693 1056 1741 diu
1071 1695 1159 1740 istis
1183 1696 1405 1744 erroribus
1433 1699 1630 1742 irretitos
1650 1699 1831 1747 retinet,
1853 1713 1907 1742 an
1926 1695 2178 1757 prophete?

516 1757 592 1802 sed
608 1773 691 1819 pro
709 1757 843 1803 nobis
862 1759 1065 1804 militant
1084 1795 1092 1803 .
1113 1761 1190 1804 An
1209 1758 1433 1820 Moyses?
1470 1777 1625 1806 verum
1643 1761 1721 1806 ille
1735 1762 1888 1806 omnia
1923 1760 1996 1805 sua
2015 1759 2174 1820 scripta

516 1822 561 1867 ὅ(
578 1823 695 1867 dieta
714 1825 757 1867 in
777 1821 1012 1868 Christum
1035 1824 1253 1870 contulit.
1290 1826 1365 1870 An
1386 1823 1498 1871 vero
1522 1823 1685 1883 vmbre
1704 1823 1749 1869 &
1764 1822 1919 1887 figurae
1937 1826 2072 1888 legis?
2099 1823 2175 1869 sed

512 1903 572 1932 ez·
588 1904 633 1931 in
664 1885 848 1931 Christo
867 1887 1233 1947 representantur
1248 1921 1260 1933 .
1296 1887 1528 1935 Subieeho
1548 1888 1643 1934 haec
1658 1888 1722 1934 est
1735 1887 1860 1950 apud
1883 1889 1926 1936 S.
1947 1886 2174 1948 Hierony.
2199 1909 2242 1957 T

508 1952 556 1996 iii
577 1950 771 2011 epistola
788 1949 844 1995 ad
867 1949 1197 2003 Heliodorum,
1220 1951 1552 2015 Paupertatem
1583 1956 1747 1998 times?
1766 1952 1857 2000 Sed
1875 1952 2036 1998 beatos
2058 1950 2176 1998 Chri

510 2013 594 2059 stus
617 2029 842 2076 pauperes
861 2016 1068 2077 appellat
1087 2049 1097 2060 .
1134 2014 1317 2062 Labore
1349 2021 1519 2063 terreris
1540 2019 1616 2064 ,²at
1631 2031 1768 2062 nemo
1799 2015 1977 2063 athleta
1994 2014 2088 2061 siue
2109 2015 2172 2061 su—

493 2076 618 2125 idore
637 2094 896 2124 coronatur.
932 2078 1005 2124 De
1023 2077 1130 2125 cibo
1152 2083 1326 2143 cogitas
1342 2083 1359 2126 3
1373 2081 1464 2128 Sed
1482 2079 1597 2126 fides
1614 2079 1789 2126 famem
1807 2096 1899 2126 non
1921 2081 2068 2126 timet.
2091 2079 2164 2127 Su-

507 2157 587 2202 per
610 2141 781 2187 nudam
803 2146 967 2188 metuis
985 2142 1182 2188 humum
1215 2144 1348 2192 exesa
1366 2149 1543 2201 ieiuniis
1563 2143 1774 2191 membra
1793 2144 2043 2190 collidere?
2079 2143 2171 2191 Sed

504 2205 737 2252 Dominus
752 2221 906 2251 tecum
936 2221 1078 2253 iacet.
1118 2207 1351 2269 squallidi
1374 2211 1532 2270 capitis
1552 2207 1708 2254 horret
1739 2209 1908 2255 inculta
1929 2207 2132 2266 Cesarics
2155 2216 2170 2253 ἓ

506 2269 596 2315 Sed
617 2283 754 2331 capnt
768 2286 896 2316 tuum
916 2270 1121 2316 Christus
1141 2271 1413 2323 est,Infinita
1432 2276 1589 2319 aeterni
1619 2272 1802 2320 vastitas
1817 2285 1862 2318 te
1880 2285 2021 2318 terret
2046 2271 2168 2319 esed

506 2347 554 2378 tu
606 2333 832 2379 aradisum
854 2350 1007 2381 mente
1024 2333 1290 2382 deambula.

206 2416 470 2456 ffixchmmo·
603 2398 854 2443 xclamatio
873 2398 1054 2460 est,quae
1070 2397 1258 2445 conficit
1276 2398 1656 2463 significationem
1677 2400 1864 2452 doloris,
1885 2413 1963 2448 aut
1978 2397 2163 2461 indigna

197 2444 212 2708 Ι
491 2461 639 2507 'tionis
658 2463 849 2507 alicuius
867 2477 949 2524 per
964 2462 1178 2515 hominis,
1198 2478 1276 2510 aut
1290 2468 1352 2509 rei
1369 2464 1621 2527 cuiuspiam
1638 2463 2163 2527 compellationem,boc
2185 2477 2236 2527 v

499 2525 674 2572 modo:
695 2524 770 2571 Te
787 2542 907 2571 nunc
934 2527 1153 2588 alloquor
1170 2526 1392 2574 Africane
1406 2560 1418 2579 ,
1440 2544 1565 2575 cuius
1584 2534 1754 2575 mortui
1774 2525 1969 2592 quoque
1989 2542 2161 2572 nomen

497 2588 653 2634 decori
672 2588 734 2635 est
763 2593 938 2636 ciuitati
959 2589 1061 2636 Cic.
1082 2592 1124 2635 in
1146 2592 1320 2638 Anton.
1341 2592 1391 2639 O
1415 2591 1623 2639 miserum
1643 2607 1720 2637 mc
1736 2591 2022 2653 consumptis
2039 2593 2162 2636 enim

494 2651 931 2712 lacliryniis,iiifixus
949 2667 1106 2701 tamen
1125 2657 1299 2717 pectori
1318 2654 1460 2701 haerct
1478 2655 1627 2702 dolor.
1647 2655 1780 2702 Idem
1800 2659 1924 2702 cotra
1943 2654 2157 2707 Rullum,

197 2711 203 2763 l
495 2717 544 2763 O
565 2716 881 2779 perturbatam
897 2721 1138 2770 rationem,
1158 2717 1451 2766 &libidinem
1471 2718 1846 2771 refrenandam&
1867 2717 2053 2765 consilia
2070 2717 2157 2764 disss

194 2770 201 2817 ἶ
490 2782 641 2828 soluta
658 2779 803 2845 atqiie
826 2782 1021 2845 perdita.
1042 2781 1153 2828 Etin
1170 2781 1369 2830 Canio
1388 2782 1655 2845 tempora&
1674 2783 2041 2836 mores,Senatus
2067 2781 2130 2827 ho

189 2821 197 2908 J
485 2846 703 2907 intelligit
725 2878 735 2896 ,
751 2847 908 2892 consul
927 2845 1064 2898 videt,
1083 2846 1161 2892 hic
1178 2862 1330 2893 tamen
1350 2850 1476 2893 viuit.
1503 2848 1633 2894 Solet
1650 2864 1698 2894 vt
1723 2848 1978 2910 plurimum
1998 2845 2159 2891 excla-

184 2910 191 2975 J
484 2924 627 2954 matio
644 2910 861 2971 postponi
876 2911 1059 2972 prolixe
1078 2911 1269 2957 alicuius
1288 2914 1350 2956 rei
1365 2910 1634 2972 probationi
1655 2912 1712 2958 ad
1745 2909 2034 2972 impellendi]
2054 2924 2157 2954 ma-

182 2992 187 3047 i
462 2883 478 3030 ί
2063 2999 2140 3060 gis
