2352 3528
776 161 951 230 Pars
980 178 1220 258 quarta
1239 214 1254 227 .
1672 191 1793 235 22]

201 285 347 331 Finita
364 299 522 346 itaque
541 284 565 327 a
586 283 822 329 sacerdote
838 285 917 329 iiia
934 284 1222 329 oratiuncula
1239 281 1457 327 iubentur
1488 283 1791 330 coseslionem

135 349 399 416 generalem
417 346 626 410 proferre
651 351 724 393 cui
754 345 973 393 Minister
997 345 1343 394 absolutionem
1361 345 1385 390 ὲ
1412 346 1605 393 censuris
1623 347 1791 409 quibus

134 413 332 461 obnoxii
346 412 449 458 sunt
464 410 670 463 subiicit,
690 428 743 457 ea
762 425 921 457 tamen
955 411 1224 457 conditione
1239 443 1251 463 ‚
1269 423 1321 457 vt
1347 422 1483 456 antea
1511 411 1791 458 confesfione

135 478 375 526 auriculari
391 493 467 522 eos
487 476 588 523 vsos
603 473 734 521 fuisse
761 489 1006 538 oporteat:
1025 475 1103 521 sed
1119 474 1375 540 aliquando
1405 472 1504 520 fieri
1534 480 1698 537 nequit
1713 508 1724 527 ,
1744 490 1792 522 vt
2092 474 2102 531 ἒ

135 557 298 588 omnes
315 541 514 586 seorsum
531 538 778 586 audiantur
793 571 805 591 ‚
824 539 955 602 quod
974 557 1079 586 cum
1099 540 1266 588 accidit
1297 539 1355 586 ad
1383 541 1708 585 contritionem
1728 542 1790 586 in-
2094 544 2097 551 '

136 610 332 653 citantur
345 601 491 667 atque
520 606 771 650 conium-ftis
791 604 1005 652 manibus
1036 604 1260 668 sponsalia
1278 603 1404 651 abiis
1433 603 1791 650 contrahuntur.

66 688 98 738 1:
137 669 333 717 Habent
346 683 503 715 autem
524 685 686 716 manus
704 667 1042 733 elegantissime
1066 669 1281 721 lautas‚&
1301 671 1521 716 verticem
1544 667 1667 714 sertis
1686 685 1792 714 coro

134 730 572 797 natum,cereosqt'1e
587 746 748 779 tenent
765 765 777 785 ,
796 730 940 796 atque
956 736 1019 780 ita
1036 750 1156 797 aqua
1172 734 1342 781 lustrali
1363 731 1527 795 aspersi
1544 731 1792 779 fundendis

134 796 348 864 precibus
364 800 410 843 in
427 797 662 861 templum
682 798 972 844 concedunt:
990 815 1100 845 nam
1115 814 1207 860 prae
1226 798 1495 860 sponsorum
1515 830 1527 849 ,
1548 796 1595 842 ὃ(
1612 796 1788 859 sponsa-

70 880 73 884 ’
135 878 234 910 turn
252 862 552 908 multitudine
570 860 749 908 necesse
768 861 832 908 est
849 860 1028 909 missam
1046 864 1341 926 coniugalem
1361 864 1405 907 in
1424 865 1696 924 proximum
1717 861 1790 908 die

134 923 318 974 differre
337 941 541 974 :interea
556 924 667 974 vero
683 928 929 989 temporiS,
951 927 974 972 31
993 928 1345 973 commiscendis
1363 925 1632 988 corporibus
1663 943 1793 972 reue-

131 994 277 1039 tentia
295 990 570 1038 sacramenti
586 990 832 1038 abstinent.
848 989 1094 1038 Interdum
1116 989 1226 1038 vero
1243 992 1402 1037 omnia
1419 990 1552 1037 simul
1569 989 1791 1052 perficium

132 1054 300 1108 tur,sed
313 1072 407 1102 non
426 1054 517 1102 fine
532 1071 704 1119 magna
719 1054 964 1102 sacerdotis
983 1054 1318 1120 defatigatione
1334 1089 1345 1102 .
1363 1053 1672 1115 Simulatque
1690 1053 1792 1100 finis

132 1121 193 1167 est
209 1119 319 1167 sacti
335 1120 520 1183 questor
536 1123 700 1180 erarius
719 1119 892 1183 perfert
906 1119 1106 1166 indicem
1123 1123 1368 1166 nominum
1385 1119 1443 1166 ad
1464 1118 1701 1170 Minima,
1720 1132 1785 1171 vt,

131 1187 320 1232 nomina
336 1185 522 1231 illorum
541 1183 760 1231 inscribat
774 1183 832 1230 ad
848 1184 1110 1231 euidentius
1140 1187 1343 1234 veritatis
1363 1184 1696 1231 testimonium.

58 1261 106 1310 G
195 1247 258 1295 N.
292 1248 386 1296 Hic
404 1247 486 1312 per
503 1247 671 1313 figuras
691 1249 737 1294 ὅ(
753 1247 925 1295 formas
943 1251 1143 1296 intextas
1161 1247 1449 1312 amplissimis
1465 1248 1793 1311 peristromatis
1819 1254 2071 1295 Catecliistica

135 1312 565 1360 conuenientisfima
583 1312 886 1376 dispositione
900 1314 991 1359 ilhs
1008 1315 1264 1360 inculcatur
1280 1313 1485 1361 do&rina
1514 1313 1789 1365 Christiana,
1801 1335 1808 1390 Ι
1820 1305 1989 1367 ὀῦἃῑῑῃξῑ
2003 1324 2074 1362 qua

133 1380 269 1423 initio
287 1377 425 1424 dusto
442 1411 453 1430 ‚
472 1377 529 1425 ab
548 1380 745 1424 articulis
762 1377 887 1428 fidei,
907 1378 1068 1424 decem
1100 1382 1330 1441 preceptis
1348 1378 1546 1429 domini,
1569 1378 1614 1421 ὃ(
1633 1393 1790 1440 pecca·
1820 1357 1995 1450 lgfjsfnffi
2021 1378 2071 1400 ¹¹¹·

140 1456 196 1487 tis
214 1442 490 1490 mortalibus
507 1441 650 1505 idcjue
668 1457 837 1506 magna
853 1443 1050 1494 solertia,
1073 1442 1120 1488 &
1137 1443 1428 1503 solicitudine
1445 1441 1501 1488 fit
1522 1442 1568 1486 ὃ(
1585 1446 1628 1487 in
1662 1442 1791 1488 sacris
1889 1427 2009 1454 cmm

127 1505 428 1554 concionibus
457 1524 518 1554 ex
534 1508 622 1553 illis
642 1521 870 1569 perpetuo
888 1505 1065 1568 aliquid
1094 1508 1340 1554 recolitur.
1376 1504 1702 1552 Extenduntur
1716 1524 1793 1553 au-

126 1584 219 1616 tem
237 1569 317 1618 ista
338 1571 478 1618 aulaea
495 1574 540 1617 in
559 1572 746 1621 sacellis,
766 1571 813 1616 ὅ(
829 1570 933 1634 ipfis
951 1571 1335 1623 demonstrantur,
1357 1587 1451 1633 quo
1468 1570 1590 1617 facio
1610 1571 1677 1616 illi
1710 1569 1792 1634 ipsi

128 1639 320 1698 propius
337 1636 566 1682 accedunt
585 1636 630 1681 8<
647 1639 847 1698 penitius
863 1636 1198 1699 introspiciunt,
1216 1635 1360 1700 atque
1378 1650 1439 1682 ita
1456 1636 1632 1682 facilius
1652 1635 1792 1682 haeret

125 1717 170 1745 in
186 1716 346 1746 eorum
366 1705 593 1747 memoria
608 1733 619 1751 ,
637 1715 735 1746 turn
768 1715 959 1763 propter
974 1701 1210 1747 literarum
1242 1705 1485 1764 penuriam
1511 1734 1521 1752 ,
1541 1715 1640 1745 tum
1660 1701 1789 1764 quod

39 1799 44 1802 .
125 1762 208 1827 ipsi
226 1781 281 1810 eo
299 1764 498 1811 docendi
515 1781 682 1829 genere
713 1769 973 1827 capiuntur.
1043 1766 1107 1813 O.
1150 1765 1237 1812 Ista
1260 1766 1321 1812 est
1339 1780 1628 1812 cantatorum
1648 1783 1693 1810 in
1725 1764 1785 1811 se·
1826 1791 2071 1830 Mortuorum

41 1833 90 1884 H
106 1803 353 1891 ¹peliendis
369 1845 562 1877 mortuis
579 1829 774 1877 canendi
794 1834 910 1876 ratio
927 1829 1465 1892 funebris,1mponuntur
1482 1844 1638 1876 autem
1657 1829 1802 1877 cada-1
1817 1841 2024 1894 sepelienm

0 1901 5 1906 '
125 1909 231 1939 uera
247 1892 438 1940 libitinis
457 1892 709 1957 pannoque
725 1893 1050 1957 pretiosissimo
1069 1898 1361 1958 coteguntur‚
1387 1894 1434 1939 ὃ(
1453 1897 1594 1940 crucis
1611 1875 1803 1958 infigne'
1818 1897 1954 1936 modus

125 1956 434 2004 heteromallo
451 1975 534 2021 pet
552 1959 780 2006 ambitum
805 1975 1079 2005 exornatur.
1103 1959 1148 2006 Si.
1167 1957 1279 2005 vero
1298 1958 1437 2005 fuerit
1454 1959 1670 2021 equestris
1688 1959 1787 2005 ordi

123 2024 189 2069 nis
207 2022 328 2069 veste
347 2022 606 2069 holoserico
623 2023 742 2086 palla
759 2023 1037 2076 insternitur,
1061 2022 1108 2068 ὅ(
1138 2040 1251 2069 crux
1270 2027 1408 2069 etiam
1428 2024 1563 2070 serica
1583 2023 1645 2070 est
1670 2022 1789 2070 blat-

104 2100 196 2133 itea
215 2121 225 2132 .
264 2086 423 2135 Tanta
440 2088 504 2134 est
518 2102 672 2134 autem
693 2088 815 2150 apud
844 2089 946 2134 illos
963 2103 1243 2151 pomparum
1277 2086 1540 2134 funebrium
1574 2088 1787 2135 obserua-

124 2155 187 2196 tio
208 2183 220 2203 ‚
240 2165 292 2198 vt
320 2149 472 2198 multo
507 2151 778 2199 honoratior
805 2151 870 2199 ibi
902 2151 955 2198 fit
982 2155 1268 2215 pauperrimi
1300 2152 1490 2198 alicuius
1520 2153 1786 2204 tumulatio,

125 2219 262 2278 quam
285 2216 409 2278 apud
429 2217 544 2263 alios
563 2216 1044 2279 splendidissimorum
1066 2221 1278 2279 equitum
1296 2250 1306 2262 .
1328 2215 1522 2263 Habent
1542 2221 1665 2263 enim
1696 2235 1786 2263 cer-

125 2296 190 2326 tas
207 2282 342 2328 horas
363 2280 422 2328 ad
438 2281 719 2344 sepulturam
737 2281 1013 2344 prestitutas,
1039 2282 1274 2332 videlicet,
1295 2297 1432 2327 mane
1451 2283 1553 2344 post
1569 2280 1786 2329 sacrificiu

128 2339 262 2391 missae
289 2348 529 2408 peractum
549 2377 560 2396 ‚
585 2344 632 2390 ὃ(
661 2347 837 2409 vesperi
867 2346 969 2409 post
997 2345 1229 2393 absolutas
1258 2361 1415 2408 preces
1449 2346 1752 2408 vespertinas.

64 2415 86 2462 I
127 2407 292 2457 Vnum
311 2409 374 2457 est
391 2411 439 2456 δε
457 2427 706 2457 commune
735 2416 952 2456 omnium
975 2413 1278 2470 cemiterium,
1295 2413 1341 2455 in
1361 2414 1484 2456 cuius
1514 2411 1671 2457 medio
1685 2426 1781 2473 per-

128 2475 312 2537 elegans
329 2475 631 2521 calu'ariarum
662 2474 986 2538 repositorium
1006 2474 1227 2521 habetur.
1275 2474 1398 2520 Cum
1418 2490 1572 2520 autem
1605 2474 1921 2540 [ῐὲηιιῐηΝοα
1940 2498 2063 2538 ualde.

125 2537 258 2584 datur
274 2541 551 2601 campanula
567 2539 769 2602 quadam
789 2539 1008 2599 obeunde
1028 2539 1258 2601 sepulture
1274 2555 1421 2583 omnis
1437 2533 1798 2603 generis‚atqtiel

123 2602 294 2648 ordinis
313 2603 526 2650 homines
546 2621 649 2649 cum
667 2605 825 2651 rosaris
847 2604 892 2650 ὃ(
909 2604 1111 2650 candelis
1126 2601 1321 2651 accenfis
1339 2619 1506 2667 magna
1524 2603 1781 2666 frequentia

121 2682 399 2713 concurrunt
414 2682 595 2714 orantes
611 2700 623 2721 ,
648 2667 694 2713 ἃ
711 2683 918 2715 cantores
935 2668 1228 2732 Gregoriano
1245 2683 1387 2730 quem
1419 2685 1588 2714 vocant
1607 2671 1654 2713 ὅ(
1683 2669 1781 2715 har-

125 2734 309 2776 monico
331 2745 466 2777 cantu
484 2730 619 2778 funus
635 2734 1004 2795 prosequuntur,
1025 2749 1115 2794 qua
1133 2749 1201 2777 res
1232 2747 1444 2776 omnium
1478 2736 1618 2779 animi
1638 2733 1780 2780 'vehe-

123 2794 404 2841 menusfime
424 2792 688 2842 flecTtuntur.
726 2796 986 2862 Religiosus
1005 2812 1158 2842 antem
1175 2797 1369 2841 sentiens
1387 2796 1520 2843 funus
1550 2801 1777 2861 appropin

122 2875 262 2920 quare
280 2863 319 2905 ei
337 2859 680 2912 obuiam‚venit
698 2877 801 2906 cum
823 2864 980 2908 lauetae
996 2878 1138 2906 crucis
1157 2864 1357 2923 imagine
1380 2860 1425 2905 8<
1445 2864 1620 2908 vexillo
1638 2863 1778 2908 serico

117 2922 301 2970 blatteo
325 2925 372 2969 δε
389 2941 624 2988 purpureo
641 2956 653 2975 ,
671 2940 748 2971 aut
779 2943 840 2971 ex
855 2925 1120 2970 tenuisiirno
1141 2925 1186 2968 ὃ(
1208 2922 1501 2970 subtilissimo
1522 2927 1678 2977 linteo,
1697 2927 1777 2974 Cir

15 3060 22 3074 ἢ
263 3050 266 3052 v
1346 3018 1376 3060 k*
1394 3018 1424 3059 l*
1618 3036 1780 3065 recon-
2107 3068 2114 3095 ι

36 3081 2051 3106 Μ
